=LDR  01709 am a2200457 a 4500
=001  016893121
=003  Uk
=005  20140530130300.0
=006  m\\\\||\\d\|\\\\\\
=007  cr\|||||||||||
=008  120608q17311764sp\a\\\\o\\\\\000\0\spa\\
=FMT  \\$a  BK
=040  \\$aUkCU$beng$cUkCU$dUk
=100  1\$aRojas Zorrilla, Francisco de,$d1607-1648.
=240  10$aAspides de Cleopatra.$kSelections
=245  00$aRelacion Los aspides de Cleopatra /$cpor D. Francisco de Roxas.
=260  \\$aEn Còrdoba :$bEn la Imprenta del Colegio de Nra. Señora de la Assumpcion,$c[between 1731 and 1764?]
=300  \\$a1 online resource
=336  \\$atext$2rdacontent
=337  \\$acomputer$2rdamedia
=338  \\$aonline resources$2rdacarrier
=500  \\$aText printed in two columns.
=500  \\$aIn verse.
=500  \\$aIllustration at head of title.
=500  \\$aCaption title.
=500  \\$aImprint from colophon.
=500  \\$aWoodcut ornament (device?) at end.
=500  \\$aSelections from the text by Francisco de Rojas Zorrilla.
=599  \\$aItem no. T55 in volume 1072.g.27.$5Uk
=533  \\$aElectronic Reproduction$bLondon$cBritish Library$d2012$nItem no. T55 in volume 1072.g.27.$5Uk
=650  \0$aSpanish drama.
=650  \4$aTeatro español.
=655  \7$aChapbooks$zSpain.$2rbgenr
=752  \\$aSpain$dCórdoba.
=856  40$uhttp://cudl.lib.cam.ac.uk/view/PR-01072-G-00027-00055$yCambridge Digital Library
=859  \\$aXLD$bCambridge Digital Library
=CAT  \\$aWR14_159$b00$c20141016$lBLL01$h1655
=CAT  \\$aWR14_181$c20150323$lBLL01$h1402
=CAT  \\$aW1606-1753$c20171028$lBLL01$h1603
=SRC  \\$aBLWrongdoing
=LAS  \\$aW1606-1753$b00$c20171028$lBLL01$h1603

