=LDR  01958 am a2200433 a 4500
=001  016893130
=003  Uk
=005  20140530130450.0
=006  m\\\\||\\d\|\\\\\\
=007  cr\|||||||||||
=008  120608q\\\\\\\\sp\a\\\\o\\\\\000\0\spa\\
=FMT  \\$a  BK
=040  \\$aUkCU$beng$cUkCU$dUk
=245  00$aPrimera parte :$bDesengaños de la vida en los tristes ayes de la hora de la muerte que en veinte y tres octavas ofrecen á un pecador las paredes del claustro del Real Colegio de Santo Espíritu del Monte, Seminario de PP. Menores Observantes de N. S. P. S. Francisco, de la provincia de Valencia /$clas glosaba un devoto de la salvacion de las almas.
=246  3\$aDesengaños de la vida en los tristes ayes de la hora de la muerte que en veinte y tres octavas ofrecen á un pecador las paredes del claustro del Real Colegio de Santo Espíritu del Monte
=260  \\$a[S.l. :$bs.n.,$cbetween 1700 and 1850?]
=300  \\$a1 online resource
=336  \\$atext$2rdacontent
=337  \\$acomputer$2rdamedia
=338  \\$aonline resources$2rdacarrier
=500  \\$aText printed in two columns.
=500  \\$aIn verse.
=500  \\$aIllustration at head of title.
=500  \\$aCaption title.
=599  \\$aItem no. T64 in volume 1072.g.27.$5Uk
=533  \\$aElectronic Reproduction$bLondon$cBritish Library$d2012$nItem no. T64 in volume 1072.g.27.$5Uk
=650  \0$aChristian literature, Spanish.
=650  \0$aSin.
=650  \4$aLiteratura religiosa española.
=650  \4$aPecado.
=655  \7$aChapbooks$zSpain.$2rbgenr
=662  \\$aSpain$dValencia$2lcsh-naf
=856  40$uhttp://cudl.lib.cam.ac.uk/view/PR-01072-G-00027-00064$yCambridge Digital Library
=859  \\$aXLD$bCambridge Digital Library
=CAT  \\$aWR14_159$b00$c20141016$lBLL01$h1655
=CAT  \\$aWR14_181$c20150323$lBLL01$h1402
=CAT  \\$aW1606-1753$c20171028$lBLL01$h1603
=SRC  \\$aBLWrongdoing
=LAS  \\$aW1606-1753$b00$c20171028$lBLL01$h1603

