=LDR  01692 am a2200397 a 4500
=001  016893146
=003  Uk
=005  20140530124040.0
=006  m\\\\||\\d\|\\\\\\
=007  cr\|||||||||||
=008  120613q18051858sp\a\\\\o\\\\\000\0\spa\\
=FMT  \\$a  BK
=040  \\$aUkCU$beng$cUkCU$dUk
=100  1\$aSantos Alonso, Hilario.
=245  10$aHistoria verdadera de San Clemente, sus padres Faustino y Mathidiana y sus hermanos Aquila y Niceta :$bsacada de insignes y celebres autores como San Antonino, Vincencio, Pineda, Cuesta, Lozano y otros historiadores /$csu autor D. Hilario Santos Alonso, con las licencias necesarias.
=246  37$aHistoria verdadera de San Clemente Papa
=260  \\$aEn Valencia :$bEn la imprenta de Agustin Laborda, vive en la Bolseria ...,$c[between 1805 and 1858]
=300  \\$a1 online resource
=336  \\$atext$2rdacontent
=337  \\$acomputer$2rdamedia
=338  \\$aonline resources$2rdacarrier
=500  \\$aIn prose.
=500  \\$aIllustration on t.p.
=599  \\$aItem no. T1 in volume 1074.g.27.$5Uk
=533  \\$aElectronic Reproduction$bLondon$cBritish Library$d2012$nItem no. T1 in volume 1074.g.27.$5Uk
=650  \0$aChristian literature, Spanish.
=650  \4$aLiteratura religiosa española.
=655  \7$aChapbooks$zSpain.$2rbgenr
=752  \\$aSpain$dValencia.
=856  40$uhttp://cudl.lib.cam.ac.uk/view/PR-01074-G-00027-00001$yCambridge Digital Library
=859  \\$aXLD$bCambridge Digital Library
=CAT  \\$aWR14_159$b00$c20141016$lBLL01$h1655
=CAT  \\$aWR14_181$c20150323$lBLL01$h1402
=CAT  \\$aW1606-1753$c20171028$lBLL01$h1603
=SRC  \\$aBLWrongdoing
=LAS  \\$aW1606-1753$b00$c20171028$lBLL01$h1603

