=LDR  01504 am a2200409 a 4500
=001  016893148
=003  Uk
=005  20131022163120.0
=006  m\\\\||\\d\|\\\\\\
=007  cr\|||||||||||
=008  120613s1807\\\\sp\a\\\\o\\\\\000\0\spa\\
=FMT  \\$a  BK
=040  \\$aUkCU$beng$cUkCU$dUk
=100  1\$aVillegas, Alonso de,$d1534-
=245  10$aHistoria del patriarca Abrahan /$cpor el licenciado Alonso de Villegas.
=246  37$aVida de Abrahan
=260  \\$aEn Valencia :$bPor la viuda de Agustin Laborda, en la Bolsería ...,$cAño de 1807.
=300  \\$a1 online resource
=336  \\$atext$2rdacontent
=337  \\$acomputer$2rdamedia
=338  \\$aonline resources$2rdacarrier
=500  \\$aIn prose.
=500  \\$aIllustration on t.p.
=599  \\$aItem no. T3 in volume 1074.g.27.$5Uk
=533  \\$aElectronic Reproduction$bLondon$cBritish Library$d2012$nItem no. T3 in volume 1074.g.27.$5Uk
=650  \0$aChristian literature, Spanish.
=650  \4$aLiteratura religiosa española.
=655  \7$aChapbooks$zSpain.$2rbgenr
=700  0\$aViuda de Agustín Laborda,$eprinter.$5Uk
=752  \\$aSpain$dValencia.
=856  40$uhttp://cudl.lib.cam.ac.uk/view/PR-01074-G-00027-00003$yCambridge Digital Library
=859  \\$aXLD$bCambridge Digital Library
=CAT  \\$aWR14_159$b00$c20141016$lBLL01$h1655
=CAT  \\$aWR14_181$c20150323$lBLL01$h1402
=CAT  \\$aW1606-1753$c20171028$lBLL01$h1603
=SRC  \\$aBLWrongdoing
=LAS  \\$aW1606-1753$b00$c20171028$lBLL01$h1603

