=LDR  01629 am a2200445 a 4500
=001  016893151
=003  Uk
=005  20130812105737.0
=006  m\\\\||\\d\|\\\\\\
=007  cr\|||||||||||
=008  120613s1810\\\\sp\a\\\\o\\\\\000\0\spa\\
=FMT  \\$a  BK
=040  \\$aUkCU$beng$cUkCU$dUk
=245  00$aHistoria verdadera de Gedeon juez de Israel y noticia individual de las sibilas /$ por el lic. Alonso de Villegas.
=246  37$aHistoria de Gedeon
=260  \\$aValencia:$bPor la viuda de Agustin Laborda, en la Bolsería,$cM.DCCC.X. [1810]
=300  \\$a1 online resource
=336  \\$atext$2rdacontent
=337  \\$acomputer$2rdamedia
=338  \\$aonline resources$2rdacarrier
=500  \\$aIn prose.
=500  \\$aIllustration on t.p.
=599  \\$aItem no. T6 in volume 1074.g.27.$5Uk
=533  \\$aElectronic Reproduction$bLondon$cBritish Library$d2012$nItem no. T6 in volume 1074.g.27.$5Uk
=650  \0$aChristian literature, Spanish.
=650  \0$aGideon$c(Biblical judge)
=650  \0$aSibyls
=650  \4$aLiteratura religiosa española.
=650  \4$aSibilas.
=653  \1$aGedeon (Juez bíblico)
=655  \7$aChapbooks$zSpain.$2rbgenr
=700  0\$aViuda de Agustín Laborda,$eprinter.$5Uk
=752  \\$aSpain$dValencia.
=856  40$uhttp://cudl.lib.cam.ac.uk/view/PR-01074-G-00027-00006$yCambridge Digital Library
=859  \\$aXLD$bCambridge Digital Library
=CAT  \\$aWR14_159$b00$c20141016$lBLL01$h1655
=CAT  \\$aWR14_181$c20150323$lBLL01$h1402
=CAT  \\$aW1606-1753$c20171028$lBLL01$h1603
=SRC  \\$aBLWrongdoing
=LAS  \\$aW1606-1753$b00$c20171028$lBLL01$h1603

