=LDR  01764 am a2200457 a 4500
=001  016893158
=003  Uk
=005  20130812105501.0
=006  m\\\\||\\d\|\\\\\\
=007  cr\|||||||||||
=008  120614s1810\\\\sp\a\\\\o\\\\\000\0\spa\\
=FMT  \\$a  BK
=040  \\$aUkCU$beng$cUkCU$dUk
=100  1\$aGracián, Jerónimo,$d1545-1614.
=245  10$aVida y excelencias del glorioso patriarca San Joseph, esposo de la virgen Maria /$crecopilada de la Josephina del V.P. Fr. Gerónimo Gracian de la Madre de Dios, confesor de Santa Teresa.
=246  37$aVida de San Joseph
=260  \\$aValencia :$bPor la viuda de Agustin Laborda,$c1810.
=300  \\$a1 online resource
=336  \\$atext$2rdacontent
=337  \\$acomputer$2rdamedia
=338  \\$aonline resources$2rdacarrier
=500  \\$aIn verse.
=500  \\$aIllustration on t.p.
=599  \\$aItem no. T13 in volume 1074.g.27.$5Uk
=533  \\$aElectronic Reproduction$bLondon$cBritish Library$d2012$nItem no. T13 in volume 1074.g.27.$5Uk
=600  00$aJoseph,$cSaint.
=650  \0$aChristian literature, Spanish.
=650  \4$aLiteratura religiosa española.
=653  \0$aSan José.
=655  \7$aChapbooks$zSpain.$2rbgenr
=700  0\$aViuda de Agustín Laborda,$eprinter.$5Uk
=752  \\$aSpain$dValencia.
=856  40$uhttp://cudl.lib.cam.ac.uk/view/PR-01074-G-00027-00013$yCambridge Digital Library
=859  \\$aXLD$bCambridge Digital Library
=CAT  \\$aWR14_159$b00$c20141016$lBLL01$h1655
=CAT  \\$aBATCH-UPD$b00$c20141016$lBLL01$h1656
=CAT  \\$aWR14_181$c20150323$lBLL01$h1402
=CAT  \\$aW1606-1753$c20171028$lBLL01$h1603
=CAT  \\$aBATCH-UPD$b00$c20190610$lBLL01$h2037
=SRC  \\$aBLWrongdoing
=LAS  \\$aBATCH-UPD$b00$c20190610$lBLL01$h2037

