=LDR  02619 am a2200493 a 4500
=001  016893161
=003  Uk
=005  20130812125230.0
=006  m\\\\||\\d\|\\\\\\
=007  cr\|||||||||||
=008  120615s1822\\\\sp\a\\\\o\\\\\000\0\spa\\
=FMT  \\$a  BK
=040  \\$aUkCU$beng$cUkCU$dUk
=245  00$aSanta Librada :$bRomance de la vida y maravilloso martirio de la gloriosa virgen y mártir Santa Librada : se da noticia de su dichoso nacimiento, y quién fueron sus padres y como nacieron nueve hermanas de un parto, con otras raras maravillas que verá el curioso lector : primera parte.
=246  3\$aRomance de la vida y maravilloso martirio de la gloriosa virgen y mártir Santa Librada
=260  \\$aEn Valencia :$bEn la imprenta de la hija de Agustin Laborda, en la Bolsería ...,$cAño de 1822.
=300  \\$a1 online resource
=336  \\$atext$2rdacontent
=337  \\$acomputer$2rdamedia
=338  \\$aonline resources$2rdacarrier
=500  \\$aText printed in two columns.
=500  \\$aIn verse.
=500  \\$aIllustration at head of title.
=500  \\$aCaption title.
=500  \\$aImprint from colophon.
=500  \\$a"Núm. 53."
=500  \\$aIn two parts. Part two has title: "Segunda parte en la cual se refiere el modo tan raro con que fueron martirizadas todas las santas vírgenes, hermanas de la invencible Española Santa Librada : en que verá el curioso el admirable ánimo y fortaleza de esta niña tan tierna, que viéndose en manos de sus enemigos, no temió à la muerte, ántes sí ofreció gustosísima à morir por Jesucristo."
=599  \\$aItem no. T16 in volume 1074.g.27.$5Uk
=533  \\$aElectronic Reproduction$bLondon$cBritish Library$d2012$nItem no. T16 in volume 1074.g.27.$5Uk
=650  \0$aWilgefortis (Legendary saint)
=650  \0$aChristian literature, Spanish.
=650  \4$aLiteratura religiosa española.
=653  \0$aLibrada (Santa legendaria)
=655  \7$aChapbooks$zSpain.$2rbgenr
=700  0\$aHija de Agustín Laborda,$eprinter.$5Uk
=740  02$aSegunda parte en la cual se refiere el modo tan raro con que fueron martirizadas todas las santas vírgenes, hermanas de la invencible Española Santa Librada.
=752  \\$aSpain$dValencia.
=856  40$uhttp://cudl.lib.cam.ac.uk/view/PR-01074-G-00027-00016$yCambridge Digital Library
=859  \\$aXLD$bCambridge Digital Library
=CAT  \\$aWR14_159$b00$c20141016$lBLL01$h1655
=CAT  \\$aWR14_181$c20150323$lBLL01$h1402
=CAT  \\$aW1606-1753$c20171028$lBLL01$h1603
=SRC  \\$aBLWrongdoing
=LAS  \\$aW1606-1753$b00$c20171028$lBLL01$h1603

