=LDR  02093 am a2200517 a 4500
=001  016893162
=003  Uk
=005  20130211101302.0
=006  m\\\\||\\d\|\\\\\\
=007  cr\|||||||||||
=008  120615s1822\\\\sp\a\\\\o\\\\\000\0\spa\\
=FMT  \\$a  BK
=040  \\$aUkCU$beng$cUkCU$dUk
=245  00$aBlas de Leon :$bVerdadera relacion de un riguroso castigo que egecutaron los moros de Argél con un cautivo natural de la villa de Ontiveros : dáse cuenta como fue clavado en diez escarpias, donde estuvo tres dias vivo, predicando la fe de Jesucristo : con lo demas que verá el curioso.
=246  30$aVerdadera relacion de un riguroso castigo que egecutaron los moros de Argél con un cautivo natural de la villa de Ontiveros
=260  \\$aCon licencia Valencia :$bImprenta de Laborda,$cAño 1822.
=300  \\$a1 online resource
=336  \\$atext$2rdacontent
=337  \\$acomputer$2rdamedia
=338  \\$aonline resources$2rdacarrier
=500  \\$aText printed in two columns.
=500  \\$aIn verse.
=500  \\$aThree separate illustrations at head of title.
=500  \\$aCaption title.
=500  \\$aImprint from colophon.
=500  \\$a"Núm. 72."
=599  \\$aItem no. T17 in volume 1074.g.27.$5Uk
=533  \\$aElectronic Reproduction$bLondon$cBritish Library$d2012$nItem no. T17 in volume 1074.g.27.$5Uk
=650  \0$aAtrocities.
=650  \0$aMurder.
=650  \4$aAtrocidades.
=650  \4$aAsesinato.
=650  \4$aBlas de Leon (Fictitious character)
=650  \4$aCautivos.
=653  1\$aBlas de Leon (Personaje ficticio)
=662  \\$aSpain$dMálaga$2lcsh-naf
=662  \\$aAlgeria$2lcsh-naf
=655  \7$aChapbooks$zSpain.$2rbgenr
=752  \\$aSpain$dValencia.
=856  40$uhttp://cudl.lib.cam.ac.uk/view/PR-01074-G-00027-00017$yCambridge Digital Library
=859  \\$aXLD$bCambridge Digital Library
=CAT  \\$aWR14_159$b00$c20141016$lBLL01$h1655
=CAT  \\$aWR14_181$c20150323$lBLL01$h1402
=CAT  \\$aW1606-1753$c20171028$lBLL01$h1603
=SRC  \\$aBLWrongdoing
=LAS  \\$aW1606-1753$b00$c20171028$lBLL01$h1603

