=LDR  01927cam a2200517 a 4500
=001  016893163
=003  Uk
=005  20140530123907.0
=006  m\\\\||\\d\|\\\\\\
=007  cr\|||||||||||
=008  120615s1822\\\\sp\a\\\\o\\\\\000\0\spa\\
=FMT  \\$a  BK
=040  \\$aUkCU$beng$cUkCU$dUk
=245  00$aPrimera parte :$bEl esclavo de su esclava y hacer bien nunca se pierde.
=246  30$aEsclavo de su esclava y hacer bien nunca se pierde
=260  \\$aCon licencia Valencia :$bImprenta de Laborda,$cAño 1822.
=300  \\$a1 online resource
=336  \\$atext$2rdacontent
=337  \\$acomputer$2rdamedia
=338  \\$aonline resources$2rdacarrier
=500  \\$aText printed in two columns.
=500  \\$aIn verse.
=500  \\$aThree separate illustrations at head of title.
=500  \\$aCaption title.
=500  \\$aImprint from colophon.
=500  \\$aIn two parts. Part two has title: "Del esclavo de su esclava."
=599  \\$aItem no. T18 in volume 1074.g.27.$5Uk
=533  \\$aElectronic Reproduction$bLondon$cBritish Library$d2012$nItem no. T18 in volume 1074.g.27.$5Uk
=650  \0$aChristianity and other religions$xIslam.
=650  \0$aIslam$xRelations$xChristianity.
=650  \0$aEnslaved persons.
=650  \4$aCristianismo y otras religiones$xIslamismo.
=650  \4$aIslamismo$xRelaciones$xCristianismo.
=650  \4$aEsclavos.
=650  \4$aCautivos.
=655  \7$aChapbooks$zSpain.$2rbgenr
=740  02$aDel esclavo de su esclava.
=752  \\$aSpain$dValencia.
=856  40$uhttp://cudl.lib.cam.ac.uk/view/PR-01074-G-00027-00018$yCambridge Digital Library
=859  \\$aXLD$bCambridge Digital Library
=CAT  \\$aWR14_159$b00$c20141016$lBLL01$h1655
=CAT  \\$aWR14_181$c20150323$lBLL01$h1402
=CAT  \\$aW1606-1753$c20171028$lBLL01$h1603
=CAT  \\$a11249$b40$c20230601$lBLL01$h1439
=SRC  \\$aBLWrongdoing
=LAS  \\$a11249$b40$c20230601$lBLL01$h1439

