=LDR  01916 am a2200505 a 4500
=001  016893164
=003  Uk
=005  20130812125155.0
=006  m\\\\||\\d\|\\\\\\
=007  cr\|||||||||||
=008  120615s1822\\\\sp\a\\\\o\\\\\000\0\spa\\
=FMT  \\$a  BK
=040  \\$aUkCU$beng$cUkCU$dUk
=245  00$aCuriosa relacion de los famosos hechos y gallardas hazañas del Rojo de Ledaña, á quien dieron muerte los soldados de Algarve :$bDe Alfonso Núñez.
=246  30$aDe Alfonso Núñez
=260  \\$aValencia :$bPor la Hija de Agustin Laborda, en la Bolserìa,$cAño 1822.
=300  \\$a1 online resource
=336  \\$atext$2rdacontent
=337  \\$acomputer$2rdamedia
=338  \\$aonline resources$2rdacarrier
=500  \\$aText printed in two columns.
=500  \\$aIn verse.
=500  \\$aThree separate illustrations at head of title.
=500  \\$aCaption title.
=500  \\$aImprint from colophon.
=500  \\$a"Núm. 260."
=599  \\$aItem no. T19 in volume 1074.g.27.$5Uk
=533  \\$aElectronic Reproduction$bLondon$cBritish Library$d2012$nItem no. T19 in volume 1074.g.27.$5Uk
=650  \0$aWomen$xCrimes against.
=650  \0$aBrigands and robbers.
=650  \4$aAlfonso Nuñez (Fictitious character)
=650  \4$aMujeres$xDelitos contra las.
=650  \4$aBandoleros.
=653  \1$aAlfonso Nuñez (Personaje ficticio)
=662  \\$aPortugal$gAlgarve$2lcsh-naf
=655  \7$aChapbooks$zSpain.$2rbgenr
=700  0\$aHija de Agustín Laborda,$eprinter.$5Uk
=752  \\$aSpain$dValencia.
=856  40$uhttp://cudl.lib.cam.ac.uk/view/PR-01074-G-00027-00019$yCambridge Digital Library
=859  \\$aXLD$bCambridge Digital Library
=CAT  \\$aWR14_159$b00$c20141016$lBLL01$h1655
=CAT  \\$aWR14_181$c20150323$lBLL01$h1402
=CAT  \\$aW1606-1753$c20171028$lBLL01$h1604
=SRC  \\$aBLWrongdoing
=LAS  \\$aW1606-1753$b00$c20171028$lBLL01$h1604

