=LDR  01535 am a2200421 a 4500
=001  016893166
=003  Uk
=005  20140530131423.0
=006  m\\\\||\\d\|\\\\\\
=007  cr\|||||||||||
=008  120615q18051858sp\a\\\\o\\\\\000\0\spa\\
=FMT  \\$a  BK
=040  \\$aUkCU$beng$cUkCU$dUk
=100  0\$aSantapola.
=245  00$aChiste nuevo /$ccompuesto por Santapola.
=260  \\$aImpreso en Jàtiva :$bEn la imprenta y librería de Blas Bellver,$c[between 1805 and 1858]$e(Valencia :$fEn la imprenta de Lopez y Comp.)
=300  \\$a1 online resource
=336  \\$atext$2rdacontent
=337  \\$acomputer$2rdamedia
=338  \\$aonline resources$2rdacarrier
=500  \\$aText printed in two columns.
=500  \\$aIn verse.
=500  \\$aTwo separate illustrations at head of title.
=500  \\$aCaption title.
=500  \\$aImprint from colophon.
=599  \\$aItem no. T21 in volume 1074.g.27.$5Uk
=533  \\$aElectronic Reproduction$bLondon$cBritish Library$d2012$nItem no. T21 in volume 1074.g.27.$5Uk
=650  \0$aSatire, Spanish.
=650  \4$aSátira española.
=655  \7$aChapbooks$zSpain.$2rbgenr
=752  \\$aSpain$dJátiva.
=856  40$uhttp://cudl.lib.cam.ac.uk/view/PR-01074-G-00027-00021$yCambridge Digital Library
=859  \\$aXLD$bCambridge Digital Library
=CAT  \\$aWR14_159$b00$c20141016$lBLL01$h1655
=CAT  \\$aWR14_181$c20150323$lBLL01$h1402
=CAT  \\$aW1606-1753$c20171028$lBLL01$h1604
=SRC  \\$aBLWrongdoing
=LAS  \\$aW1606-1753$b00$c20171028$lBLL01$h1604

