=LDR  01945 am a2200457 a 4500
=001  016893167
=003  Uk
=005  20140530123943.0
=006  m\\\\||\\d\|\\\\\\
=007  cr\|||||||||||
=008  120615q18051858sp\a\\\\o\\\\\000\0\spa\\
=FMT  \\$a  BK
=040  \\$aUkCU$beng$cUkCU$dUk
=245  00$aNuevo romance en que se declara el maravilloso suceso que obró el Angel de la Guarda y Santa Barbara con un joven de la ciudad de Salamanca :$bque ofreció el alma al demonio por lograr una dama principal de aquella ciudad y su arrepentimiento despues de haberse visto en las infernales garras.
=260  \\$aCon licencia en Valencia :$bPor Manuel Lopez :$aY en Aleo :$bPor José Martí, plaza del mercado en el Vall,$c[between 1805 and 1858]
=300  \\$a1 online resource
=336  \\$atext$2rdacontent
=337  \\$acomputer$2rdamedia
=338  \\$aonline resources$2rdacarrier
=500  \\$aText printed in two columns.
=500  \\$aIn verse.
=500  \\$aFour separate illustrations at head of title.
=500  \\$aCaption title.
=500  \\$aImprint from colophon.
=599  \\$aItem no. T22 in volume 1074.g.27.$5Uk
=533  \\$aElectronic Reproduction$bLondon$cBritish Library$d2012$nItem no. T22 in volume 1074.g.27.$5Uk
=650  \0$aChristian literature, Spanish.
=650  \0$aRepentance$xChristianity.
=650  \4$aLiteratura religiosa española.
=650  \4$aArrepentimiento$xCristianismo.
=650  \4$aDemonio.
=655  \7$aChapbooks$zSpain.$2rbgenr
=662  \\$aSpain$dSalamanca$2lcsh-naf
=752  \\$aSpain$dValencia.
=856  40$uhttp://cudl.lib.cam.ac.uk/view/PR-01074-G-00027-00022$yCambridge Digital Library
=859  \\$aXLD$bCambridge Digital Library
=CAT  \\$aWR14_159$b00$c20141016$lBLL01$h1655
=CAT  \\$aWR14_181$c20150323$lBLL01$h1402
=CAT  \\$aW1606-1753$c20171028$lBLL01$h1604
=SRC  \\$aBLWrongdoing
=LAS  \\$aW1606-1753$b00$c20171028$lBLL01$h1604

