=LDR  02267 am a2200493 a 4500
=001  016893169
=003  Uk
=005  20140530123800.0
=006  m\\\\||\\d\|\\\\\\
=007  cr\|||||||||||
=008  120615q18051858sp\a\\\\o\\\\\000\0\spa\\
=FMT  \\$a  BK
=040  \\$aUkCU$beng$cUkCU$dUk
=245  00$aRomance tragico de D. Juan de Gracia y Doña Sancha su esposa :$bRefiérese el maravilloso milagro que obró nuestra Señora del Rosario con dos devotos suyos que por no querer renegar en Argel los castigaron cruelmente : premiando la Santísima Virgen su constante devocion, restituyéndoles sanos y salvos á su tierra : con lo demas que verá el lector.
=246  3\$aRomance tragico de Don Juan de Gracia y Doña Sancha su esposa
=246  30$aRefiérese el maravilloso milagro que obró nuestra Señora del Rosario con dos devotos suyos que por no querer renegar en Argel los castigaron cruelmente
=260  \\$aValencia :$bImprenta de Laborda, calle de la Bolsería, número 18,$c[between 1805 and 1858]
=300  \\$a1 online resource
=336  \\$atext$2rdacontent
=337  \\$acomputer$2rdamedia
=338  \\$aonline resources$2rdacarrier
=500  \\$aText printed in two columns.
=500  \\$aIn verse.
=500  \\$aIllustration at head of title.
=500  \\$aCaption title.
=500  \\$aImprint from colophon.
=599  \\$aItem no. T24 in volume 1074.g.27.$5Uk
=533  \\$aElectronic Reproduction$bLondon$cBritish Library$d2012$nItem no. T24 in volume 1074.g.27.$5Uk
=650  \0$aRosary, Our Lady of the$xMiracles.
=650  \0$aDevotion.
=650  \4$aJuan de Gracia (Fictitious character)
=650  \4$aDevoción.
=653  \1$aJuan de Gracia (Personaje ficticio)
=653  \1$aNuestra Señora del Rosario--Milagros.
=655  \7$aChapbooks$zSpain.$2rbgenr
=662  \\$aAlgeria$dAlgiers$2lcsh-naf
=752  \\$aSpain$dValencia.
=856  40$uhttp://cudl.lib.cam.ac.uk/view/PR-01074-G-00027-00024$yCambridge Digital Library
=859  \\$aXLD$bCambridge Digital Library
=CAT  \\$aWR14_159$b00$c20141016$lBLL01$h1655
=CAT  \\$aWR14_181$c20150323$lBLL01$h1402
=CAT  \\$aW1606-1753$c20171028$lBLL01$h1604
=SRC  \\$aBLWrongdoing
=LAS  \\$aW1606-1753$b00$c20171028$lBLL01$h1604

