=LDR  02132 am a2200493 a 4500
=001  016893171
=003  Uk
=005  20140530123831.0
=006  m\\\\||\\d\|\\\\\\
=007  cr\|||||||||||
=008  120615q18051858sp\a\\\\o\\\\\000\0\spa\\
=FMT  \\$a  BK
=040  \\$aUkCU$beng$cUkCU$dUk
=245  00$aRomance nuevo de D. Agustin de Guevara y el portentoso hallazgo del doblon :$bdecláranse los mas notables sucesos que le sucedieron á este caballero, natural de Jerez y la calumnia que contra su esposa le impuso el demonio, saliendo de todo libres por intercesion de San Antonio de Padua.
=246  3\$aD. Agustin de Guevara y el portentoso hallazgo del doblon
=246  3\$aDon Agustin de Guevara y el portentoso hallazgo del doblon
=260  \\$aValencia :$bImprenta de Laborda, calle de la Bolsería, núm. 18 ...,$c[between 1805 and 1858]
=300  \\$a1 online resource
=336  \\$atext$2rdacontent
=337  \\$acomputer$2rdamedia
=338  \\$aonline resources$2rdacarrier
=500  \\$aText printed in two columns.
=500  \\$aIn verse.
=500  \\$aIllustration at head of title.
=500  \\$aCaption title.
=500  \\$aImprint from colophon.
=599  \\$aItem no. T26 in volume 1074.g.27.$5Uk
=533  \\$aElectronic Reproduction$bLondon$cBritish Library$d2012$nItem no. T26 in volume 1074.g.27.$5Uk
=600  00$aAnthony,$cof Padua, Saint,$d1195-1231.
=650  \4$aAgustin de Guevara (Fictitious character)
=650  \4$aDemonio.
=653  \1$aAgustin de Guevara (Personaje ficticio)
=653  \1$aSan Antonio de Padua, 1195-1231.
=655  \7$aChapbooks$zSpain.$2rbgenr
=662  \\$aSpain$dJerez de la Frontera$2lcsh-naf
=752  \\$aSpain$dValencia.
=856  40$uhttp://cudl.lib.cam.ac.uk/view/PR-01074-G-00027-00026$yCambridge Digital Library
=859  \\$aXLD$bCambridge Digital Library
=CAT  \\$aWR14_159$b00$c20141016$lBLL01$h1655
=CAT  \\$aBATCH-UPD$b00$c20141016$lBLL01$h1656
=CAT  \\$aWR14_181$c20150323$lBLL01$h1402
=CAT  \\$aW1606-1753$c20171028$lBLL01$h1604
=SRC  \\$aBLWrongdoing
=LAS  \\$aW1606-1753$b00$c20171028$lBLL01$h1604

