=LDR  01821 am a2200481 a 4500
=001  016893173
=003  Uk
=005  20140530123825.0
=006  m\\\\||\\d\|\\\\\\
=007  cr\|||||||||||
=008  120615q18051858sp\a\\\\o\\\\\000\0\spa\\
=FMT  \\$a  BK
=040  \\$aUkCU$beng$cUkCU$dUk
=245  00$aRomance nuevo El jornalero :$bdase cuenta de un caso sucedido á un caballero con un pobre y como Dios nuestro Señor le manifestó por este medio el estado de su conciencia : con lo demas que verá el lector : primera parte.
=246  30$aJornalero
=260  \\$aValencia :$bImprenta de Laborda, calle de la Bolsería, núm. 18,$c[between 1805 and 1858]
=300  \\$a1 online resource
=336  \\$atext$2rdacontent
=337  \\$acomputer$2rdamedia
=338  \\$aonline resources$2rdacarrier
=500  \\$aText printed in two columns.
=500  \\$aIn verse.
=500  \\$aIllustration at head of title.
=500  \\$aCaption title.
=500  \\$aImprint from colophon.
=500  \\$aIn two parts.
=599  \\$aItem no. T28 in volume 1074.g.27.$5Uk
=533  \\$aElectronic Reproduction$bLondon$cBritish Library$d2012$nItem no. T28 in volume 1074.g.27.$5Uk
=650  \0$aEmployees.
=650  \0$aPoor.
=650  \0$aChristian literature, Spanish.
=650  \4$aTrabajadores.
=650  \4$aPobres.
=650  \4$aLiteratura religiosa española.
=655  \7$aChapbooks$zSpain.$2rbgenr
=752  \\$aSpain$dValencia.
=856  40$uhttp://cudl.lib.cam.ac.uk/view/PR-01074-G-00027-00028$yCambridge Digital Library
=859  \\$aXLD$bCambridge Digital Library
=CAT  \\$aWR14_159$b00$c20141016$lBLL01$h1655
=CAT  \\$aWR14_181$c20150323$lBLL01$h1402
=CAT  \\$aW1606-1753$c20171028$lBLL01$h1604
=SRC  \\$aBLWrongdoing
=LAS  \\$aW1606-1753$b00$c20171028$lBLL01$h1604

