=LDR  02033 am a2200481 a 4500
=001  016893178
=003  Uk
=005  20140530123849.0
=006  m\\\\||\\d\|\\\\\\
=007  cr\|||||||||||
=008  120618q18051858sp\a\\\\o\\\\\000\0\spa\\
=FMT  \\$a  BK
=040  \\$aUkCU$beng$cUkCU$dUk
=245  00$aRelacion verdadera en la cual trata la creacion del mundo, la formacion del primer hombre, la caida de éste por seducion de la serpiente à Eva, los trabajos y miserias à que fueron condenados por la transgresion del precepto :$by en ellos todos fuimos partícipes de este pecado, hasta que el segundo Adan Jesucristo vino à repararle, descendiendo del seno del Padre y dar su vida por los hombres.
=260  \\$aValencia :$bImprenta de Laborda, calle de la Bolseria ...,$c[between 1805 and 1858]
=300  \\$a1 online resource
=336  \\$atext$2rdacontent
=337  \\$acomputer$2rdamedia
=338  \\$aonline resources$2rdacarrier
=500  \\$aText printed in two columns.
=500  \\$aIn verse.
=500  \\$aIllustration at head of title.
=500  \\$aCaption title.
=500  \\$aImprint from colophon.
=599  \\$aItem no. T33 in volume 1074.g.27.$5Uk
=533  \\$aElectronic Reproduction$bLondon$cBritish Library$d2012$nItem no. T33 in volume 1074.g.27.$5Uk
=600  00$aAdam$c(Biblical figure)
=600  00$aEve$c(Biblical figure)
=650  \0$aChristian literature, Spanish.
=650  \0$aSin.
=650  \4$aLiteratura religiosa española.
=650  \4$aPecado.
=653  \\$aAdam (Figura bíblica)
=653  \0$aEve (Figura bíblica)
=655  \7$aChapbooks$zSpain.$2rbgenr
=752  \\$aSpain$dValencia.
=856  40$uhttp://cudl.lib.cam.ac.uk/view/PR-01074-G-00027-00033$yCambridge Digital Library
=859  \\$aXLD$bCambridge Digital Library
=CAT  \\$aWR14_159$b00$c20141016$lBLL01$h1655
=CAT  \\$aWR14_181$c20150323$lBLL01$h1402
=CAT  \\$aW1606-1753$c20171028$lBLL01$h1604
=SRC  \\$aBLWrongdoing
=LAS  \\$aW1606-1753$b00$c20171028$lBLL01$h1604

