=LDR  01978 am a2200517 a 4500
=001  016893181
=003  Uk
=005  20140530123550.0
=006  m\\\\||\\d\|\\\\\\
=007  cr\|||||||||||
=008  120618q18051858sp\a\\\\o\\\\\000\0\spa\\
=FMT  \\$a  BK
=040  \\$aUkCU$beng$cUkCU$dUk
=245  00$aRomance tragico del hijo del verdugo de Cordoba : refiérense los mas raros sucesos de este mancebo, y como marchó á las Indias, donde logró grandes fortunas : con lo demas que verá el curioso : primera parte.
=246  3\$aHijo del verdugo de Cordoba
=260  \\$aValencia :$bImprenta de Laborda, calle de la Bolsería, número 24, ...,$c[between 1805 and 1858]
=300  \\$a1 online resource
=336  \\$atext$2rdacontent
=337  \\$acomputer$2rdamedia
=338  \\$aonline resources$2rdacarrier
=500  \\$aText printed in two columns.
=500  \\$aIn verse.
=500  \\$aIllustration at head of title.
=500  \\$aCaption title.
=500  \\$aImprint from colophon.
=500  \\$aIn two parts.
=599  \\$aItem no. T36 in volume 1074.g.27.$5Uk
=533  \\$aElectronic Reproduction$bLondon$cBritish Library$d2012$nItem no. T36 in volume 1074.g.27.$5Uk
=650  \0$aSocial mobility.
=650  \0$aMistaken identity.
=650  \0$aInfants switched at birth.
=650  \4$aMovilidad social.
=650  \4$aInfantes cambiados al nacer.
=653  \0$aFalsificación de identidad.
=653  \0$aVerdugos.
=655  \7$aChapbooks$zSpain.$2rbgenr
=662  \\$aSpain$dCórdoba$2lcsh-naf
=662  \\$aPeru$dLima$2lcsh-naf
=752  \\$aSpain$dValencia.
=856  40$uhttp://cudl.lib.cam.ac.uk/view/PR-01074-G-00027-00036$yCambridge Digital Library
=859  \\$aXLD$bCambridge Digital Library
=CAT  \\$aWR14_159$b00$c20141016$lBLL01$h1655
=CAT  \\$aWR14_181$c20150323$lBLL01$h1402
=CAT  \\$aW1606-1753$c20171028$lBLL01$h1604
=SRC  \\$aBLWrongdoing
=LAS  \\$aW1606-1753$b00$c20171028$lBLL01$h1604

