=LDR  01998 am a2200469 a 4500
=001  016893184
=003  Uk
=005  20140530123918.0
=006  m\\\\||\\d\|\\\\\\
=007  cr\|||||||||||
=008  120618q18051858sp\a\\\\o\\\\\000\0\spa\\
=FMT  \\$a  BK
=040  \\$aUkCU$beng$cUkCU$dUk
=245  03$aEl pecador de Flandes :$bRelacion trágica y verdadera, en la cual se da noticia de un caso raro que ha sucedido á un hombre que llevaba al demonio en figura de persona acuestas, mendigando por donde pasaba : y al llegar al convento de Santa Ana de la villa de Jumilla, fue alli descubierto por un religioso.
=246  3\$aRelacion trágica y verdadera, en la cual se da noticia de un caso raro que ha sucedido á un hombre que llevaba al demonio en figura de persona acuestas
=260  \\$aValencia :$bImprenta de Laborda, calle de la Bolsería, núm. 18,$c[between 1805 and 1858]
=300  \\$a1 online resource
=336  \\$atext$2rdacontent
=337  \\$acomputer$2rdamedia
=338  \\$aonline resources$2rdacarrier
=500  \\$aText printed in two columns.
=500  \\$aIn verse.
=500  \\$aIllustration at head of title.
=500  \\$aCaption title.
=500  \\$aImprint from colophon.
=599  \\$aItem no. T39 in volume 1074.g.27.$5Uk
=533  \\$aElectronic Reproduction$bLondon$cBritish Library$d2012$nItem no. T39 in volume 1074.g.27.$5Uk
=650  \0$aDevil.
=650  \0$aSin.
=650  \4$aDemonio.
=650  \4$aPecado.
=655  \7$aChapbooks$zSpain.$2rbgenr
=662  \\$aSpain$dJumilla$2lcsh-naf
=662  \\$aBelgium$dFlanders$2lcsh-naf
=752  \\$aSpain$dValencia.
=856  40$uhttp://cudl.lib.cam.ac.uk/view/PR-01074-G-00027-00039$yCambridge Digital Library
=859  \\$aXLD$bCambridge Digital Library
=CAT  \\$aWR14_159$b00$c20141016$lBLL01$h1655
=CAT  \\$aWR14_181$c20150323$lBLL01$h1402
=CAT  \\$aW1606-1753$c20171028$lBLL01$h1604
=SRC  \\$aBLWrongdoing
=LAS  \\$aW1606-1753$b00$c20171028$lBLL01$h1604

