=LDR  02106 am a2200517 a 4500
=001  016893186
=003  Uk
=005  20140530123720.0
=006  m\\\\||\\d\|\\\\\\
=007  cr\|||||||||||
=008  120618q18051858sp\a\\\\o\\\\\000\0\spa\\
=FMT  \\$a  BK
=040  \\$aUkCU$beng$cUkCU$dUk
=245  00$aRomance trágico de Don Juan de Salas y Doña Maria Ignacia :$brefiérese el maravilloso suceso que le sucedió á este caballero y á su esposa : y del modo que llegó ella á ser juez y presidente en la causa de su marido : con lo demas que verá el curioso lector : primera parte.
=246  3\$aDe Don Juan de Salas y Doña Maria Ignacia
=260  \\$aValencia :$bImprenta de Laborda, calle de la Bolsería, núm. 18,$c[between 1805 and 1858]
=300  \\$a1 online resource
=336  \\$atext$2rdacontent
=337  \\$acomputer$2rdamedia
=338  \\$aonline resources$2rdacarrier
=500  \\$aText printed in two columns.
=500  \\$aIn verse.
=500  \\$aTwo separate illustrations at head of title.
=500  \\$aCaption title.
=500  \\$aImprint from colophon.
=500  \\$aIn two parts.
=599  \\$aItem no. T41 in volume 1074.g.27.$5Uk
=533  \\$aElectronic Reproduction$bLondon$cBritish Library$d2012$nItem no. T41 in volume 1074.g.27.$5Uk
=650  \0$aDeception.
=650  \4$aJuan de Salas (Fictitious character)
=650  \4$aMaria Ignacia (Fictitious character)
=650  \4$aEngaño.
=650  \4$aComerciantes.
=653  \1$aJuan de Salas (Personaje ficticio)
=653  \1$aMaria Ignacia (Personaje ficticio)
=655  \7$aChapbooks$zSpain.$2rbgenr
=662  \\$aSpain$dTrujillo$2lcsh-naf
=662  \\$aSpain$dMadrid$2lcsh-naf
=752  \\$aSpain$dValencia.
=856  40$uhttp://cudl.lib.cam.ac.uk/view/PR-01074-G-00027-00041$yCambridge Digital Library
=859  \\$aXLD$bCambridge Digital Library
=CAT  \\$aWR14_159$b00$c20141016$lBLL01$h1655
=CAT  \\$aWR14_181$c20150323$lBLL01$h1402
=CAT  \\$aW1606-1753$c20171028$lBLL01$h1604
=SRC  \\$aBLWrongdoing
=LAS  \\$aW1606-1753$b00$c20171028$lBLL01$h1604

