=LDR  02162 am a2200553 a 4500
=001  016893187
=003  Uk
=005  20140530123613.0
=006  m\\\\||\\d\|\\\\\\
=007  cr\|||||||||||
=008  120618q18051858sp\a\\\\o\\\\\000\0\spa\\
=FMT  \\$a  BK
=040  \\$aUkCU$beng$cUkCU$dUk
=245  00$aRomance tragico de Doña Rosa de España :$brefiérense los lances y sucesos amorosos que sucedieron á esta dama por su amante Don Félix de Miranda.
=246  30$aDoña Rosa de España
=260  \\$aValencia :$bImprenta de Laborda, calle de la Bolsería, núm. 18,$c[between 1805 and 1858]
=300  \\$a1 online resource
=336  \\$atext$2rdacontent
=337  \\$acomputer$2rdamedia
=338  \\$aonline resources$2rdacarrier
=500  \\$aText printed in two columns.
=500  \\$aIn verse.
=500  \\$aThree separate illustrations at head of title.
=500  \\$aCaption title.
=500  \\$aImprint from colophon.
=599  \\$aItem no. T42 in volume 1074.g.27.$5Uk
=533  \\$aElectronic Reproduction$bLondon$cBritish Library$d2012$nItem no. T42 in volume 1074.g.27.$5Uk
=650  \0$aChristianity and other religions$xIslam.
=650  \0$aIslam$xRelations$xChristianity.
=650  \0$aMurder.
=650  \4$aCristianismo y otras religiones$xIslamismo.
=650  \4$aIslamismo$xRelaciones$xCristianismo.
=650  \4$aAsesinato.
=650  \4$aFelix de Miranda (Fictitious character)
=650  \4$aRosa de España (Fictitious character)
=653  \1$aFelix de Miranda (Personaje ficticio)
=653  \1$aRosa de España (Personaje ficticio)
=655  \7$aChapbooks$zSpain.$2rbgenr
=662  \\$aSpain$dCartagena$2lcsh-naf
=662  \\$aSpain$dMurcia$2lcsh-naf
=662  \\$aSpain$dAlicante$2lcsh-naf
=752  \\$aSpain$dValencia.
=856  40$uhttp://cudl.lib.cam.ac.uk/view/PR-01074-G-00027-00042$yCambridge Digital Library
=859  \\$aXLD$bCambridge Digital Library
=CAT  \\$aWR14_159$b00$c20141016$lBLL01$h1655
=CAT  \\$aWR14_181$c20150323$lBLL01$h1402
=CAT  \\$aW1606-1753$c20171028$lBLL01$h1604
=SRC  \\$aBLWrongdoing
=LAS  \\$aW1606-1753$b00$c20171028$lBLL01$h1604

