=LDR  02394 am a2200541 a 4500
=001  016893189
=003  Uk
=005  20140530123750.0
=006  m\\\\||\\d\|\\\\\\
=007  cr\|||||||||||
=008  120618q18051858sp\a\\\\o\\\\\000\0\spa\\
=FMT  \\$a  BK
=040  \\$aUkCU$beng$cUkCU$dUk
=245  00$aRomance tragico de Don Carlos de Udarca y Doña Isabel de Contreras :$brefiérense los valerosos hechos y determinado arrojo de este caballero valenciano por los amores de su querida dama aragonesa : con lo demas que verá el curioso lector : primera parte.
=246  3\$aDon Carlos de Udarca y Doña Isabel de Contreras
=260  \\$aValencia :$bImprenta de Laborda, calle de la Bolsería, núm. 18,$c[between 1805 and 1858]
=300  \\$a1 online resource
=336  \\$atext$2rdacontent
=337  \\$acomputer$2rdamedia
=338  \\$aonline resources$2rdacarrier
=500  \\$aText printed in two columns.
=500  \\$aIn verse.
=500  \\$aIllustration at head of title.
=500  \\$aCaption title.
=500  \\$aImprint from colophon.
=500  \\$aIn two parts. Part two has title: "Segunda parte de Don Carlos de Udarca y Doña Isabel de Contreras : finalízanse los valerosos hechos de estos dos amantes y como al fin se casaron : con lo demas que verá el lector."
=599  \\$aItem no. T44 in volume 1074.g.27.$5Uk
=533  \\$aElectronic Reproduction$bLondon$cBritish Library$d2012$nItem no. T44 in volume 1074.g.27.$5Uk
=650  \4$aCarlos de Udarca (Fictitious character)
=650  \4$aIsabel de Contreras (Fictitious character)
=650  \0$aCourtship.
=650  \0$aMurderers.
=650  \4$aCortejo amoroso.
=650  \4$aAsesinos.
=650  \4$aConventos.
=653  \1$aCarlos de Udarca (Personaje ficticio)
=653  \1$aIsabel de Contreras (Personaje ficticio)
=655  \7$aChapbooks$zSpain.$2rbgenr
=662  \\$aSpain$dValencia$2lcsh-naf
=740  02$aSegunda parte de Don Carlos de Udarca y Doña Isabel de Contreras.
=752  \\$aSpain$dValencia.
=856  40$uhttp://cudl.lib.cam.ac.uk/view/PR-01074-G-00027-00044$yCambridge Digital Library
=859  \\$aXLD$bCambridge Digital Library
=CAT  \\$aWR14_159$b00$c20141016$lBLL01$h1655
=CAT  \\$aWR14_181$c20150323$lBLL01$h1402
=CAT  \\$aW1606-1753$c20171028$lBLL01$h1604
=SRC  \\$aBLWrongdoing
=LAS  \\$aW1606-1753$b00$c20171028$lBLL01$h1604

