=LDR  01860 am a2200529 a 4500
=001  016893190
=003  Uk
=005  20140530123606.0
=006  m\\\\||\\d\|\\\\\\
=007  cr\|||||||||||
=008  120618q18051858sp\a\\\\o\\\\\000\0\spa\\
=FMT  \\$a  BK
=040  \\$aUkCU$beng$cUkCU$dUk
=245  00$aRomance tragico de Griselda y Gualtero :$bprimera parte.
=246  3\$aDe Griselda y Gualtero
=260  \\$aValencia :$bImprenta de Laborda, calle de la Bolsería, número 18,$c[between 1805 and 1858]
=300  \\$a1 online resource
=336  \\$atext$2rdacontent
=337  \\$acomputer$2rdamedia
=338  \\$aonline resources$2rdacarrier
=500  \\$aText printed in two columns.
=500  \\$aIn verse.
=500  \\$aTwo separate illustrations at head of title.
=500  \\$aCaption title.
=500  \\$aImprint from colophon.
=500  \\$aIn three parts.
=599  \\$aItem no. T45 in volume 1074.g.27.$5Uk
=533  \\$aElectronic Reproduction$bLondon$cBritish Library$d2012$nItem no. T45 in volume 1074.g.27.$5Uk
=650  \0$aMan-woman relationships.
=650  \0$aLoyalty.
=650  \0$aSubmissiveness.
=650  \4$aGriselda (Fictitious character)
=650  \4$aGualtero (Fictitious character)
=650  \4$aRelaciones hombre-mujer.
=650  \4$aLealtad.
=650  \4$aSumisión.
=653  \1$aGriselda (Personaje ficticio)
=653  \1$aGualtero (Personaje ficticio)
=655  \7$aChapbooks$zSpain.$2rbgenr
=752  \\$aSpain$dValencia.
=856  40$uhttp://cudl.lib.cam.ac.uk/view/PR-01074-G-00027-00045$yCambridge Digital Library
=859  \\$aXLD$bCambridge Digital Library
=CAT  \\$aWR14_159$b00$c20141016$lBLL01$h1655
=CAT  \\$aWR14_181$c20150323$lBLL01$h1402
=CAT  \\$aW1606-1753$c20171028$lBLL01$h1604
=SRC  \\$aBLWrongdoing
=LAS  \\$aW1606-1753$b00$c20171028$lBLL01$h1604

