=LDR  01761 am a2200457 a 4500
=001  016893192
=003  Uk
=005  20130812124936.0
=006  m\\\\||\\d\|\\\\\\
=007  cr\|||||||||||
=008  120621s1823\\\\sp\a\\\\o\\\\\000\0\spa\\
=FMT  \\$a  BK
=040  \\$aUkCU$beng$cUkCU$dUk
=245  00$aRelacion de las valentías y hechos de Juan de Arévalo, de sus encuentros con Francisco Estévan y otros guapos, y de como se mató a sí mismo por desgracia.
=260  \\$aValencia :$bPor la Hija de Agustin Laborda, en la Bolsería,$caño 1823.
=300  \\$a1 online resource
=336  \\$atext$2rdacontent
=337  \\$acomputer$2rdamedia
=338  \\$aonline resources$2rdacarrier
=500  \\$aText printed in two columns.
=500  \\$aIllustration at head of title.
=500  \\$aIn verse.
=500  \\$aCaption title.
=500  \\$aImprint from colophon.
=599  \\$aItem no. T47 in volume 1074.g.27.$5Uk
=533  \\$aElectronic Reproduction$bLondon$cBritish Library$d2012$nItem no. T47 in volume 1074.g.27.$5Uk
=650  \0$aBrigands and robbers.
=650  \4$aJuan de Arévalo (Fictitious character)
=650  \4$aBandoleros.
=653  \1$aJuan de Arévalo (Personaje ficticio)
=655  \7$aChapbooks$zSpain.$2rbgenr
=662  \\$aSpain$dAndalusia$2lcsh-naf
=700  0\$aHija de Agustín Laborda,$eprinter.$5Uk
=752  \\$aSpain$dValencia.
=856  40$uhttp://cudl.lib.cam.ac.uk/view/PR-01074-G-00027-00047$yCambridge Digital Library
=859  \\$aXLD$bCambridge Digital Library
=CAT  \\$aWR14_159$b00$c20141016$lBLL01$h1655
=CAT  \\$aWR14_181$c20150323$lBLL01$h1402
=CAT  \\$aW1606-1753$c20171028$lBLL01$h1604
=SRC  \\$aBLWrongdoing
=LAS  \\$aW1606-1753$b00$c20171028$lBLL01$h1604

