=LDR  02363 am a2200469 a 4500
=001  016893194
=003  Uk
=005  20131211141722.0
=006  m\\\\||\\d\|\\\\\\
=007  cr\|||||||||||
=008  120621q18051858sp\a\\\\o\\\\\000\0\spa\\
=FMT  \\$a  BK
=040  \\$aUkCU$beng$cUkCU$dUk
=245  00$aDe Ismenia :$bVerdadera y muy curiosa relacion en la cual se refiere y declara la suntuosa embajada que de parte de su hermana la princesa Ismenia envió el gran turco Osman á Felipe Segundo, rey católico de España : dase cuenta de la acertada respuesta que se le volvió, que no siendo del agrado de la princesa, vino á entristecerla de modo que la causó un desesperado fin.
=246  3\$aVerdadera y muy curiosa relacion en la cual se refiere y declara la suntuosa embajada que de parte de su hermana la princesa Ismenia envió el gran turco Osman á Felipe Segundo
=260  \\$aValencia :$bImprenta de Laborda, calle de la Bolsería, núm 18,$c[between 1805 and 1858]
=300  \\$a1 online resource
=336  \\$atext$2rdacontent
=337  \\$acomputer$2rdamedia
=338  \\$aonline resources$2rdacarrier
=500  \\$aText printed in two columns.
=500  \\$aIn verse.
=500  \\$aTwo separate illustrations at head of title.
=500  \\$aCaption title.
=500  \\$aImprint from colophon.
=500  \\$a"Respuesta del rey Felipe Segundo al gran sultan": p. [3-4].
=599  \\$aItem no. T49 in volume 1074.g.27.$5Uk
=533  \\$aElectronic Reproduction$bLondon$cBritish Library$d2012$nItem no. T49 in volume 1074.g.27.$5Uk
=600  00$aOsman$bII,$cSultan of the Turks,$d1603-1622$vFiction.
=600  04$aOsman$bII,$cSultan de los Turcos,$d1603-1622$vFicción.
=651  \0$aSpain$xHistory$yHouse of Austria, 1516-1700$vFiction.
=651  \4$aEspaña$xHistoria$yCasa de Austria, 1516-1700$vFicción.
=655  \7$aChapbooks$zSpain.$2rbgenr
=740  02$aRespuesta del rey Felipe Segundo al gran sultan.
=752  \\$aSpain$dValencia.
=856  40$uhttp://cudl.lib.cam.ac.uk/view/PR-01074-G-00027-00049$yCambridge Digital Library
=859  \\$aXLD$bCambridge Digital Library
=CAT  \\$aWR14_159$b00$c20141016$lBLL01$h1655
=CAT  \\$aWR14_181$c20150323$lBLL01$h1402
=CAT  \\$aW1606-1753$c20171028$lBLL01$h1604
=SRC  \\$aBLWrongdoing
=LAS  \\$aW1606-1753$b00$c20171028$lBLL01$h1604

