=LDR  01890 am a2200445 a 4500
=001  016893195
=003  Uk
=005  20131209164921.0
=006  m\\\\||\\d\|\\\\\\
=007  cr\|||||||||||
=008  120621q18051858sp\a\\\\o\\\\\000\0\spa\\
=FMT  \\$a  BK
=040  \\$aUkCU$beng$cUkCU$dUk
=245  00$aDe don Antonio Orillana :$bNueva relacion, en donde se refieren los amorosos sucesos de dos amantes, naturales de la ciudad de Toledo : dase cuenta como por haber dado muerte á un caballero, se ausentó el galan de la ciudad, y sabiéndolo la dama, fue en busca suya, y como vinieron á casarse.
=246  3\$aNueva relacion, en donde se refieren los amorosos sucesos de dos amantes, naturales de la ciudad de Toledo
=260  \\$aValencia :$bImprenta de Laborda, calle de la Bolsería, núm. 18,$c[between 1805 and 1858]
=300  \\$a1 online resource
=336  \\$atext$2rdacontent
=337  \\$acomputer$2rdamedia
=338  \\$aonline resources$2rdacarrier
=500  \\$aText printed in two columns.
=500  \\$aIn verse.
=500  \\$aThree separate illustrations at head of title.
=500  \\$aCaption title.
=500  \\$aImprint from colophon.
=599  \\$aItem no. T50 in volume 1074.g.27.$5Uk
=533  \\$aElectronic Reproduction$bLondon$cBritish Library$d2012$nItem no. T50 in volume 1074.g.27.$5Uk
=650  \0$aMurder.
=650  \4$aAsesinato.
=650  \4$aBodas.
=655  \7$aChapbooks$zSpain.$2rbgenr
=662  \\$aSpain$dToledo$2lcsh-naf
=752  \\$aSpain$dValencia.
=856  40$uhttp://cudl.lib.cam.ac.uk/view/PR-01074-G-00027-00050$yCambridge Digital Library
=859  \\$aXLD$bCambridge Digital Library
=CAT  \\$aWR14_159$b00$c20141016$lBLL01$h1655
=CAT  \\$aWR14_181$c20150323$lBLL01$h1402
=CAT  \\$aW1606-1753$c20171028$lBLL01$h1604
=SRC  \\$aBLWrongdoing
=LAS  \\$aW1606-1753$b00$c20171028$lBLL01$h1604

