=LDR  01830 am a2200481 a 4500
=001  016893196
=003  Uk
=005  20140530124016.0
=006  m\\\\||\\d\|\\\\\\
=007  cr\|||||||||||
=008  120621q\\\\\\\\sp\a\\\\o\\\\\000\0\spa\\
=FMT  \\$a  BK
=040  \\$aUkCU$beng$cUkCU$dUk
=100  1\$aLobo, Bernardo.
=245  10$aMemorial que presentaron las mocitas españolas a la Junta General y Regencia Comun, quejándose de la falta de consortes : primera parte /$ccompuesto por Bernardo Lobo.
=260  \\$aValencia :$bImprenta de Laborda, calle de la Bolsería, número 24 ...,$c[between 1805 and 1858]
=300  \\$a1 online resource
=336  \\$atext$2rdacontent
=337  \\$acomputer$2rdamedia
=338  \\$aonline resources$2rdacarrier
=500  \\$aText printed in two columns.
=500  \\$aIn verse.
=500  \\$aThree separate illustrations at head of title.
=500  \\$aCaption title.
=500  \\$aImprint from colophon.
=500  \\$aIn two parts.
=599  \\$aItem no. T51 in volume 1074.g.27.$5Uk
=533  \\$aElectronic Reproduction$bLondon$cBritish Library$d2012$nItem no. T51 in volume 1074.g.27.$5Uk
=650  \0$aSatire, Spanish.
=650  \0$aSongs, Spanish$vTexts.
=650  \0$aMan-woman relationships.
=650  \4$aSátira española.
=650  \4$aRelaciones hombre-mujer.
=653  \0$aCanciones españolas--Textos.
=655  \7$aChapbooks$zSpain.$2rbgenr
=752  \\$aSpain$dValencia.
=856  40$uhttp://cudl.lib.cam.ac.uk/view/PR-01074-G-00027-00051$yCambridge Digital Library
=859  \\$aXLD$bCambridge Digital Library
=CAT  \\$aWR14_159$b00$c20141016$lBLL01$h1655
=CAT  \\$aWR14_181$c20150323$lBLL01$h1402
=CAT  \\$aW1606-1753$c20171028$lBLL01$h1604
=SRC  \\$aBLWrongdoing
=LAS  \\$aW1606-1753$b00$c20171028$lBLL01$h1604

