=LDR  02326 am a2200529 a 4500
=001  016893199
=003  Uk
=005  20140530123646.0
=006  m\\\\||\\d\|\\\\\\
=007  cr\|||||||||||
=008  120621q18051858sp\a\\\\o\\\\\000\0\spa\\
=FMT  \\$a  BK
=040  \\$aUkCU$beng$cUkCU$dUk
=245  00$aRomance tragico de Don Juan Gonzalez y Doña Rosa Cisneros, o, La fuerza de la sangre :$brefiérense los amores de este caballero y el ardid de que se valió para robar á su amante del lado de sus padres, con lo demas que verá el lector : primera parte.
=246  30$aDe Don Juan Gonzalez y Doña Rosa Cisneros
=246  30$aFuerza de la sangre
=260  \\$aValencia :$bImprenta de Laborda, calle de la Bolsería, núm. 18 ...,$c[between 1805 and 1858]
=300  \\$a1 online resource
=336  \\$atext$2rdacontent
=337  \\$acomputer$2rdamedia
=338  \\$aonline resources$2rdacarrier
=500  \\$aText printed in two columns.
=500  \\$aIn verse.
=500  \\$aTwo separate illustrations at head of title.
=500  \\$aCaption title.
=500  \\$aImprint from colophon.
=500  \\$aIn two parts. Part two has title: "Segunda parte de Don Juan Gonzalez y Doña Rosa Cisneros: finalízanse los lances que sucedieron á estos dos amantes, logrando al fin casarse con contento y alegría de ambas partes : con lo demas que verá el lector."
=599  \\$aItem no. T54 in volume 1074.g.27.$5Uk
=533  \\$aElectronic Reproduction$bLondon$cBritish Library$d2012$nItem no. T54 in volume 1074.g.27.$5Uk
=650  \0$aHonor.
=650  \0$aRape.
=650  \4$aRosa Cisneros (Fictitious character)
=650  \4$aHonor.
=650  \4$aViolación.
=650  \4$aBodas.
=653  \1$aRosa Cisneros (Personaje ficticio)
=655  \7$aChapbooks$zSpain.$2rbgenr
=662  \\$aSpain$dLeón$2lcsh-naf
=752  \\$aSpain$dValencia.
=740  02$aSegunda parte de Don Juan Gonzalez y Doña Rosa Cisneros.
=856  40$uhttp://cudl.lib.cam.ac.uk/view/PR-01074-G-00027-00054$yCambridge Digital Library
=859  \\$aXLD$bCambridge Digital Library
=CAT  \\$aWR14_159$b00$c20141016$lBLL01$h1655
=CAT  \\$aWR14_181$c20150323$lBLL01$h1402
=CAT  \\$aW1606-1753$c20171028$lBLL01$h1604
=SRC  \\$aBLWrongdoing
=LAS  \\$aW1606-1753$b00$c20171028$lBLL01$h1604

