=LDR  02131 am a2200493 a 4500
=001  016893200
=003  Uk
=005  20140117150205.0
=006  m\\\\||\\d\|\\\\\\
=007  cr\|||||||||||
=008  120621q18051858sp\a\\\\o\\\\\000\0\spa\\
=FMT  \\$a  BK
=040  \\$aUkCU$beng$cUkCU$dUk
=245  00$aDe Fenix Alba :$bNueva relacion en la cual se declaran los maravillosos sucesos de esta noble señora : dase cuenta como habiendola sacado de su casa con engaños un amante suyo, la llevó à un monte, en donde le dió de puñaladas : refiérese la venganza que por ella tomó un leon, y el dichoso fin que tuvo la señora.
=246  3\$aNueva relacion en la cual se declaran los maravillosos sucesos de esta noble señora
=260  \\$aValencia :$bPor la hija de Agustin Laborda, en la Bolsería, núm. 18,$c[between 1805 and 1858]
=300  \\$a1 online resource
=336  \\$atext$2rdacontent
=337  \\$acomputer$2rdamedia
=338  \\$aonline resources$2rdacarrier
=500  \\$aText printed in two columns.
=500  \\$aIn verse.
=500  \\$aThree separate illustrations at head of title.
=500  \\$aCaption title.
=500  \\$aImprint from colophon.
=599  \\$aItem no. T55 in volume 1074.g.27.$5Uk
=533  \\$aElectronic Reproduction$bLondon$cBritish Library$d2012$nItem no. T55 in volume 1074.g.27.$5Uk
=650  \4$aFenix Alba (Fictitious character)
=650  \0$aWomen$xCrimes against.
=650  \0$aRape victims.
=650  \4$aMujeres$xDelitos contra las.
=650  \4$aVíctimas de la violación.
=650  \4$aLeones.
=653  \1$aFenix Alba (Personaje ficticio)
=655  \7$aChapbooks$zSpain.$2rbgenr
=700  0\$aHija de Agustín Laborda,$eprinter.$5Uk
=752  \\$aSpain$dValencia.
=856  40$uhttp://cudl.lib.cam.ac.uk/view/PR-01074-G-00027-00055$yCambridge Digital Library
=859  \\$aXLD$bCambridge Digital Library
=CAT  \\$aWR14_159$b00$c20141016$lBLL01$h1655
=CAT  \\$aWR14_181$c20150323$lBLL01$h1402
=CAT  \\$aW1606-1753$c20171028$lBLL01$h1604
=SRC  \\$aBLWrongdoing
=LAS  \\$aW1606-1753$b00$c20171028$lBLL01$h1604

