=LDR  02211 am a2200481 a 4500
=001  016893201
=003  Uk
=005  20140530131440.0
=006  m\\\\||\\d\|\\\\\\
=007  cr\|||||||||||
=008  120621q18051858sp\a\\\\o\\\\\000\0\spa\\
=FMT  \\$a  BK
=040  \\$aUkCU$beng$cUkCU$dUk
=245  03$aEl cautivo de Gerona :$bNueva relacion y copia de una carta que escribió un hijo á su padre, en que le daba á entender los tormentos que pasaba en su cautiverio en la ciudad de Argel : como lo verá el curioso lector : primera parte.
=246  30$aNueva relacion y copia de una carta que escribió un hijo á su padre, en que le daba á entender los tormentos que pasaba en su cautiverio en la ciudad de Argel
=260  \\$aValencia :$bImprenta de Laborda, calle de la Bolsería, núm. 18 ...,$c[between 1805 and 1858]
=300  \\$a1 online resource
=336  \\$atext$2rdacontent
=337  \\$acomputer$2rdamedia
=338  \\$aonline resources$2rdacarrier
=500  \\$aText printed in two columns.
=500  \\$aIn verse.
=500  \\$aThree separate illustrations at head of title.
=500  \\$aCaption title.
=500  \\$aImprint from colophon.
=500  \\$aIn two parts. Part two has title: "Respuesta que envió el padre á su hijo, consolándole en sus trabajos y miserias y de la forma con que fue rescatado."
=599  \\$aItem no. T56 in volume 1074.g.27.$5Uk
=533  \\$aElectronic Reproduction$bLondon$cBritish Library$d2012$nItem no. T56 in volume 1074.g.27.$5Uk
=650  \0$aFathers and sons.
=650  \4$aPadres e hijos.
=650  \4$aCautivos.
=655  \7$aChapbooks$zSpain.$2rbgenr
=662  \\$aSpain$dGerona$2lcsh-naf
=662  \\$aAlgeria$2lcsh-naf
=740  02$aRespuesta que envió el padre á su hijo, consolándole en sus trabajos.
=752  \\$aSpain$dValencia.
=856  40$uhttp://cudl.lib.cam.ac.uk/view/PR-01074-G-00027-00056$yCambridge Digital Library
=859  \\$aXLD$bCambridge Digital Library
=CAT  \\$aWR14_159$b00$c20141016$lBLL01$h1655
=CAT  \\$aWR14_181$c20150323$lBLL01$h1402
=CAT  \\$aW1606-1753$c20171028$lBLL01$h1604
=SRC  \\$aBLWrongdoing
=LAS  \\$aW1606-1753$b00$c20171028$lBLL01$h1604

