=LDR  01772 am a2200445 a 4500
=001  016893202
=003  Uk
=005  20140530131410.0
=006  m\\\\||\\d\|\\\\\\
=007  cr\|||||||||||
=008  120621q18051858sp\a\\\\o\\\\\000\0\cat\\
=FMT  \\$a  BK
=040  \\$aUkCU$beng$cUkCU$dUk
=245  00$aColoqui nou del Rosí Alasá :$bRahonament gracios y entretengut pera poderlo dir desfrasat de llaurador y una pintura en ecos á una Bernarda.
=246  3\$aDel Rosí Alasá
=260  \\$aSe encontrará en Valensia :$bEn la Imprenta de Laborda, carrer de la Bolsería, número 18 antic y 24 modern ...,$c[between 1805 and 1858]
=300  \\$a1 online resource
=336  \\$atext$2rdacontent
=337  \\$acomputer$2rdamedia
=338  \\$aonline resources$2rdacarrier
=500  \\$aText printed in two columns.
=500  \\$aIn verse.
=500  \\$aTwo separate illustrations at head of title.
=500  \\$aCaption title.
=500  \\$aImprint from colophon.
=500  \\$a"Pintura en ecos a una Bernarda": p. 7-8.
=599  \\$aItem no. T57 in volume 1074.g.27.$5Uk
=533  \\$aElectronic Reproduction$bLondon$cBritish Library$d2012$nItem no. T57 in volume 1074.g.27.$5Uk
=650  \0$aSongs, Catalan$vTexts.
=653  \0$aCanciones catalanas--Textos.
=655  \7$aChapbooks$zSpain.$2rbgenr
=740  02$aPintura en ecos a una Bernarda.
=752  \\$aSpain$dValencia.
=856  40$uhttp://cudl.lib.cam.ac.uk/view/PR-01074-G-00027-00057$yCambridge Digital Library
=859  \\$aXLD$bCambridge Digital Library
=CAT  \\$aWR14_159$b00$c20141016$lBLL01$h1655
=CAT  \\$aWR14_181$c20150323$lBLL01$h1402
=CAT  \\$aW1606-1753$c20171028$lBLL01$h1604
=SRC  \\$aBLWrongdoing
=LAS  \\$aW1606-1753$b00$c20171028$lBLL01$h1604

