=LDR  01812 am a2200445 a 4500
=001  016893205
=003  Uk
=005  20130211101415.0
=006  m\\\\||\\d\|\\\\\\
=007  cr\|||||||||||
=008  120702q18081858sp\a\\\\o\\\\\000\0\spa\\
=FMT  \\$a  BK
=040  \\$aUkCU$beng$cUkCU$dUk
=245  00$aBandos divertidisimos contra los borrachos y borrachas :$by gente aficionada al vino.
=246  3\$aContra los borrachos y borrachas
=260  \\$aValencia :$bImprenta de Laborda, calle de la Bolsería, número 24 ...,$c[between 1805 and 1858]
=300  \\$a1 online resource
=336  \\$atext$2rdacontent
=337  \\$acomputer$2rdamedia
=338  \\$aonline resources$2rdacarrier
=500  \\$aText printed in two columns.
=500  \\$aTwo separate illustrations at head of title.
=500  \\$aCaption title.
=500  \\$aImprint from colophon.
=505  0\$aNos los señores jueces, no apostólicos, ni reales [...] -- Arancel de las multas de los lobos -- Nos las madamas caderillas de primera y segunda [...] -- Arancel de las multas de las monas femeninas.
=599  \\$aItem no. T60 in volume 1074.g.27.$5Uk
=533  \\$aElectronic Reproduction$bLondon$cBritish Library$d2012$nItem no. T60 in volume 1074.g.27.$5Uk
=650  \0$aSatire, Spanish.
=650  \4$aDrunkenness.
=650  \4$aSátira española.
=650  \4$aEmbriaguez.
=655  \7$aChapbooks$zSpain.$2rbgenr
=752  \\$aSpain$dValencia.
=856  40$uhttp://cudl.lib.cam.ac.uk/view/PR-01074-G-00027-00060$yCambridge Digital Library
=859  \\$aXLD$bCambridge Digital Library
=CAT  \\$aWR14_159$b00$c20141016$lBLL01$h1655
=CAT  \\$aWR14_181$c20150323$lBLL01$h1402
=CAT  \\$aW1606-1753$c20171028$lBLL01$h1604
=SRC  \\$aBLWrongdoing
=LAS  \\$aW1606-1753$b00$c20171028$lBLL01$h1604

