=LDR  02033 am a2200481 a 4500
=001  016893209
=003  Uk
=005  20140530124149.0
=006  m\\\\||\\d\|\\\\\\
=007  cr\|||||||||||
=008  120702q18051858sp\a\\\\o\\\\\000\0\spa\\
=FMT  \\$a  BK
=040  \\$aUkCU$beng$cUkCU$dUk
=245  00$aDoña Rafaela de Arcos :$btragicos sucesos de la muy ilustre señora Doña Rafaela de Arcos, natural de la ciudad de Murcia : refiérese como habiendo muerto á un caballero su amante, despues de otras muchas aventuras, se entró religiosa en un convento de la ciudad de Valencia : y lo demás que verá el curioso lector.
=246  3\$aTragicos sucesos de la muy ilustre señora Doña Rafaela de Arcos
=260  \\$aValencia :$bImprenta de Laborda, calle de la Bolsería, núm. 18 ...,$c[between 1805 and 1858]
=300  \\$a1 online resource
=336  \\$atext$2rdacontent
=337  \\$acomputer$2rdamedia
=338  \\$aonline resources$2rdacarrier
=500  \\$aText printed in two columns.
=500  \\$aIn verse.
=500  \\$aIllustration at head of title.
=500  \\$aCaption title.
=500  \\$aImprint from colophon.
=599  \\$aItem no. T64 in volume 1074.g.27.$5Uk
=533  \\$aElectronic Reproduction$bLondon$cBritish Library$d2012$nItem no. T64 in volume 1074.g.27.$5Uk
=650  \0$aWomen murderers.
=650  \4$aRafaela de Arcos (Fictitious character)
=650  \4$aAsesinas.
=650  \4$aConventos.
=653  \1$aRafaela de Arcos (Personaje ficticio)
=655  \7$aChapbooks$zSpain.$2rbgenr
=662  \\$aSpain$dMurcia$2lcsh-naf
=662  \\$aSpain$dValencia$2lcsh-naf
=752  \\$aSpain$dValencia.
=856  40$uhttp://cudl.lib.cam.ac.uk/view/PR-01074-G-00027-00064$yCambridge Digital Library
=859  \\$aXLD$bCambridge Digital Library
=CAT  \\$aWR14_159$b00$c20141016$lBLL01$h1655
=CAT  \\$aWR14_181$c20150323$lBLL01$h1402
=CAT  \\$aW1606-1753$c20171028$lBLL01$h1604
=SRC  \\$aBLWrongdoing
=LAS  \\$aW1606-1753$b00$c20171028$lBLL01$h1604

