=LDR  01984 am a2200481 a 4500
=001  016893211
=003  Uk
=005  20140530131142.0
=006  m\\\\||\\d\|\\\\\\
=007  cr\|||||||||||
=008  120702q18051858sp\a\\\\o\\\\\000\0\spa\\
=FMT  \\$a  BK
=040  \\$aUkCU$beng$cUkCU$dUk
=245  00$aDe Francisco Correa :$bNueva y curiosa relacion en la que se refieren los hechos, valentías y arrojos del andaluz mas valiente, llamado Francisco Correa, natural de Sevilla : con lo demas que verá el curioso.
=246  3\$aNueva y curiosa relacion en la que se refieren los hechos, valentías y arrojos del andaluz mas valiente, llamado Francisco Correa
=260  \\$aValencia :$bImprenta de Laborda, calle de la Bolsería, núm 18,$c[between 1805 and 1858]
=300  \\$a1 online resource
=336  \\$atext$2rdacontent
=337  \\$acomputer$2rdamedia
=338  \\$aonline resources$2rdacarrier
=500  \\$aText printed in two columns.
=500  \\$aIn verse.
=500  \\$aTwo separate illustrations at head of title.
=500  \\$aCaption title.
=500  \\$aImprint from colophon.
=599  \\$aItem no. T66 in volume 1074.g.27.$5Uk
=533  \\$aElectronic Reproduction$bLondon$cBritish Library$d2012$nItem no. T66 in volume 1074.g.27.$5Uk
=650  \0$aCriminals.
=650  \0$aBrigands and robbers.
=650  \4$aDelincuentes.
=650  \4$aBandoleros.
=650  \4$aFrancisco Correa (Fictitious character)
=653  \1$aFrancisco Correa (Personaje ficticio)
=655  \7$aChapbooks$zSpain.$2rbgenr
=662  \\$aSpain$dSeville$2lcsh-naf
=752  \\$aSpain$dValencia.
=856  40$uhttp://cudl.lib.cam.ac.uk/view/PR-01074-G-00027-00066$yCambridge Digital Library
=859  \\$aXLD$bCambridge Digital Library
=CAT  \\$aWR14_159$b00$c20141016$lBLL01$h1655
=CAT  \\$aWR14_181$c20150323$lBLL01$h1402
=CAT  \\$aW1606-1753$c20171028$lBLL01$h1604
=SRC  \\$aBLWrongdoing
=LAS  \\$aW1606-1753$b00$c20171028$lBLL01$h1604

