=LDR  02479 am a2200517 a 4500
=001  016893213
=003  Uk
=005  20131205183035.0
=006  m\\\\||\\d\|\\\\\\
=007  cr\|||||||||||
=008  120704q18051858sp\a\\\\o\\\\\000\0\spa\\
=FMT  \\$a  BK
=040  \\$aUkCU$beng$cUkCU$dUk
=245  03$aEl jardin engañoso :$bNueva y curiosa relacion en la que se refieren los amores de Don Fadrique y Don José de Alvara y de Doña Constanza y Doña Teodosia : dase cuenta como al verse despreciado Don Fadrique, dió muerte á su hermano, lo echó en un pozo, y con joyas y dinero se pasó á Italia : primera parte.
=246  30$aNueva y curiosa relacion, en la que se refieren los amores de Don Fadrique y Don José de Alvara y de Doña Constanza y Doña Teodosia
=260  \\$aValencia :$bImprenta de Laborda, calle de la Bolsería, núm. 18,$c[between 1805 and 1858]
=300  \\$a1 online resource
=336  \\$atext$2rdacontent
=337  \\$acomputer$2rdamedia
=338  \\$aonline resources$2rdacarrier
=500  \\$aText printed in two columns.
=500  \\$aIn verse.
=500  \\$aTwo separate illustrations at head of title.
=500  \\$aCaption title.
=500  \\$aImprint from colophon.
=500  \\$aIn two parts. Part two has title: "Segunda parte en la cual se refiere como Don Fadrique le entregó el alma al demonio, por gozar de Doña Constanza y siendo libre por intercesion de la Virgen Santísima del Rosario, se casó al fin con Doña Teodosia."
=599  \\$aItem no. T68 in volume 1074.g.27.$5Uk
=533  \\$aElectronic Reproduction$bLondon$cBritish Library$d2012$nItem no. T68 in volume 1074.g.27.$5Uk
=650  \0$aFratricide.
=650  \0$aCourtship.
=650  \4$aFratricidio.
=650  \4$aCortejo amoroso.
=650  \4$aDemonio.
=650  \4$aBodas.
=655  \7$aChapbooks$zSpain.$2rbgenr
=662  \\$aPortugal$dLisbon$2lcsh-naf
=662  \\$aItaly$2lcsh-naf
=740  02$aSegunda parte en la cual se refiere como Don Fadrique le entregó el alma al demonio, por gozar de Doña Constanza.
=752  \\$aSpain$dValencia.
=856  40$uhttp://cudl.lib.cam.ac.uk/view/PR-01074-G-00027-00068$yCambridge Digital Library
=859  \\$aXLD$bCambridge Digital Library
=CAT  \\$aWR14_159$b00$c20141016$lBLL01$h1655
=CAT  \\$aWR14_181$c20150323$lBLL01$h1402
=CAT  \\$aW1606-1753$c20171028$lBLL01$h1604
=SRC  \\$aBLWrongdoing
=LAS  \\$aW1606-1753$b00$c20171028$lBLL01$h1604

