=LDR  02240 am a2200541 a 4500
=001  016893214
=003  Uk
=005  20140530123623.0
=006  m\\\\||\\d\|\\\\\\
=007  cr\|||||||||||
=008  120704q18051858sp\a\\\\o\\\\\000\0\spa\\
=FMT  \\$a  BK
=040  \\$aUkCU$beng$cUkCU$dUk
=245  00$aRomance tragico de Doña Josefa Herrera :$ben el cual se dá cuenta de las alevosas muertes que ejecutó con sus padres, una hermana y la criada, con lo demas que verá el curioso lector : primera parte.
=246  3\$aDe Doña Josefa Herrera.
=260  \\$aValencia :$bEn la imprenta de Laborda, calle de la Bolsería, número 24,$c[between 1805 and 1858]
=300  \\$a1 online resource
=336  \\$atext$2rdacontent
=337  \\$acomputer$2rdamedia
=338  \\$aonline resources$2rdacarrier
=500  \\$aText printed in two columns.
=500  \\$aIn verse.
=500  \\$aIllustration at head of title.
=500  \\$aCaption title.
=500  \\$aImprint from colophon.
=500  \\$aIn two parts. Part two has title: "Segunda parte en la cual se dá cuenta del castigo que ejecutó la justicia con esta ingrata muger, como lo verá el curioso lector."
=599  \\$aItem no. T69 in volume 1074.g.27.$5Uk
=533  \\$aElectronic Reproduction$bLondon$cBritish Library$d2012$nItem no. T69 in volume 1074.g.27.$5Uk
=650  \4$aJosefa de Herrera (Fictitious character)
=650  \0$aParricide.
=650  \0$aFratricide.
=650  \0$aAtrocities.
=650  \0$aWomen murderers.
=650  \4$aParricidio.
=650  \4$aFratricidio.
=650  \4$aAtrocidades.
=650  \4$aAsesinas.
=653  \1$aJosefa de Herrera (Personaje ficticio)
=655  \7$aChapbooks$zSpain.$2rbgenr
=740  02$aSegunda parte en la cual se dá cuenta del castigo que ejecutó la justicia con esta ingrata muger.
=752  \\$aSpain$dValencia.
=856  40$uhttp://cudl.lib.cam.ac.uk/view/PR-01074-G-00027-00069$yCambridge Digital Library
=859  \\$aXLD$bCambridge Digital Library
=CAT  \\$aWR14_159$b00$c20141016$lBLL01$h1655
=CAT  \\$aWR14_181$c20150323$lBLL01$h1402
=CAT  \\$aW1606-1753$c20171028$lBLL01$h1604
=SRC  \\$aBLWrongdoing
=LAS  \\$aW1606-1753$b00$c20171028$lBLL01$h1604

