=LDR  01770 am a2200517 a 4500
=001  016893217
=003  Uk
=005  20140530124022.0
=006  m\\\\||\\d\|\\\\\\
=007  cr\|||||||||||
=008  120704s1822\\\\sp\a\\\\o\\\\\000\0\spa\\
=FMT  \\$a  BK
=040  \\$aUkCU$beng$cUkCU$dUk
=245  03$aEl marques del Villar D. Juan de Saavedra :$bveinticuatro de la ciudad de Cordoba.
=246  30$aD. Juan de Saavedra
=260  \\$aValencia :$bImprenta de Ildefonso Mompie,$cAño 1822.
=300  \\$a1 online resource
=336  \\$atext$2rdacontent
=337  \\$acomputer$2rdamedia
=338  \\$aonline resources$2rdacarrier
=500  \\$aText printed in two columns.
=500  \\$aIn verse.
=500  \\$aIllustration at head of title.
=500  \\$aCaption title.
=500  \\$aImprint from colophon.
=500  \\$a"Núm. 107."
=599  \\$aItem no. T72 in volume 1074.g.27.$5Uk
=533  \\$aElectronic Reproduction$bLondon$cBritish Library$d2012$nItem no. T72 in volume 1074.g.27.$5Uk
=650  \4$aJuan de Saavedra (Fictitious character)
=650  \0$aRevenge.
=650  \0$aMurder.
=650  \0$aFuneral service.
=650  \4$aAsesinato.
=650  \4$aVenganza.
=650  \4$aHonras fúnebres.
=653  \1$aJuan de Saavedra (Personaje ficticio)
=655  \7$aChapbooks$zSpain.$2rbgenr
=662  \\$aSpain$dCórdoba$2lcsh-naf
=752  \\$aSpain$dValencia.
=856  40$uhttp://cudl.lib.cam.ac.uk/view/PR-01074-G-00027-00072$yCambridge Digital Library
=859  \\$aXLD$bCambridge Digital Library
=CAT  \\$aWR14_159$b00$c20141016$lBLL01$h1655
=CAT  \\$aWR14_181$c20150323$lBLL01$h1402
=CAT  \\$aW1606-1753$c20171028$lBLL01$h1604
=SRC  \\$aBLWrongdoing
=LAS  \\$aW1606-1753$b00$c20171028$lBLL01$h1604

