=LDR  02002 am a2200469 a 4500
=001  016893219
=003  Uk
=005  20140530124156.0
=006  m\\\\||\\d\|\\\\\\
=007  cr\|||||||||||
=008  120704s1823\\\\sp\a\\\\o\\\\\000\0\spa\\
=FMT  \\$a  BK
=040  \\$aUkCU$beng$cUkCU$dUk
=245  00$aDon Gerónimo de Almansa :$bNuevo y curioso romance en que se da cuenta y declara el falso testimonio que le ha levantado una cuñada á un cuñado suyo sacerdote y el castigo que ha obrado nuestro Señor Jesucristo con esta perversa muger, con lo que verá el curioso lector.
=246  3\$aNuevo y curioso romance en que se da cuenta y declara el falso testimonio que le ha levantado una cuñada á un cuñado suyo sacerdote
=260  \\$aValencia :$bImprenta de Ildefonso Mompié,$c1823.
=300  \\$a1 online resource
=336  \\$atext$2rdacontent
=337  \\$acomputer$2rdamedia
=338  \\$aonline resources$2rdacarrier
=500  \\$aText printed in two columns.
=500  \\$aIn verse.
=500  \\$aTwo separate illustrations at head of title.
=500  \\$aCaption title.
=500  \\$aImprint from colophon.
=500  \\$a"Núm. 70."
=599  \\$aItem no. T74 in volume 1074.g.27.$5Uk
=533  \\$aElectronic Reproduction$bLondon$cBritish Library$d2012$nItem no. T74 in volume 1074.g.27.$5Uk
=650  \4$aGerónimo de Almansa (Fictitious character)
=650  \0$aJudgment of God.
=650  \0$aChristianity and justice.
=653  \0$aJusticia divina.
=653  \1$aGerónimo de Almansa (Personaje ficticio)
=655  \7$aChapbooks$zSpain.$2rbgenr
=752  \\$aSpain$dValencia.
=856  40$uhttp://cudl.lib.cam.ac.uk/view/PR-01074-G-00027-00074$yCambridge Digital Library
=859  \\$aXLD$bCambridge Digital Library
=CAT  \\$aWR14_159$b00$c20141016$lBLL01$h1655
=CAT  \\$aWR14_181$c20150323$lBLL01$h1402
=CAT  \\$aW1606-1753$c20171028$lBLL01$h1604
=SRC  \\$aBLWrongdoing
=LAS  \\$aW1606-1753$b00$c20171028$lBLL01$h1604

