=LDR  01876 am a2200457 a 4500
=001  016893220
=003  Uk
=005  20140530131047.0
=006  m\\\\||\\d\|\\\\\\
=007  cr\|||||||||||
=008  120704q18051858sp\a\\\\o\\\\\000\0\spa\\
=FMT  \\$a  BK
=040  \\$aUkCU$beng$cUkCU$dUk
=245  00$aDesengaños de la vida en los tristes ayes de la hora de la muerte, que en veinte y cuatro octavas ofrecen á un pecador las paredes del claustro del Real Colegio de Santo Espíritu del Monte, Seminario de Misioneros, de la provincia de Valencia :$bglosadas por un devoto deseoso de la salvacion de las almas.
=246  3\$aDe la hora de la muerte
=260  \\$aValencia :$bImprenta de Laborda, calle de la Bolsería, número 18,$c[between 1805 and 1858]
=300  \\$a1 online resource
=336  \\$atext$2rdacontent
=337  \\$acomputer$2rdamedia
=338  \\$aonline resources$2rdacarrier
=500  \\$aText printed in two columns.
=500  \\$aIn verse.
=500  \\$aIllustration at head of title.
=500  \\$aCaption title.
=500  \\$aImprint from colophon.
=599  \\$aItem no. T75 in volume 1074.g.27.$5Uk
=533  \\$aElectronic Reproduction$bLondon$cBritish Library$d2012$nItem no. T75 in volume 1074.g.27.$5Uk
=650  \0$aDevotional literature, Spanish.
=650  \0$aSin.
=650  \4$aLiteratura española devocional.
=650  \4$aPecado.
=655  \7$aChapbooks$zSpain.$2rbgenr
=662  \\$aSpain$dValencia$2lcsh-naf
=752  \\$aSpain$dValencia.
=856  40$uhttp://cudl.lib.cam.ac.uk/view/PR-01074-G-00027-00075$yCambridge Digital Library
=859  \\$aXLD$bCambridge Digital Library
=CAT  \\$aWR14_159$b00$c20141016$lBLL01$h1655
=CAT  \\$aWR14_181$c20150323$lBLL01$h1402
=CAT  \\$aW1606-1753$c20171028$lBLL01$h1604
=SRC  \\$aBLWrongdoing
=LAS  \\$aW1606-1753$b00$c20171028$lBLL01$h1604

