=LDR  02396 am a2200505 a 4500
=001  016893224
=003  Uk
=005  20140530123838.0
=006  m\\\\||\\d\|\\\\\\
=007  cr\|||||||||||
=008  120706q18051858sp\a\\\\o\\\\\000\0\spa\\
=FMT  \\$a  BK
=040  \\$aUkCU$beng$cUkCU$dUk
=245  00$aRomance admirable en el cual se refiere la crueldad de la mas ingrata muger para con un hijo suyo de cinco años, el que degolló, sacó los ojos y el corazon de tres puñaladas :$by del modo que fue descubierta esta causa y su desgraciado fin : como tambien el portentoso milagro de Maria Santísima del Cármen, con el caballero que la solicitaba, como lo verá el curioso lector : primera parte.
=260  \\$aValencia :$bImprenta de Laborda, calle de la Bolsería, núm. 18 ...,$c[between 1805 and 1858]
=300  \\$a1 online resource
=336  \\$atext$2rdacontent
=337  \\$acomputer$2rdamedia
=338  \\$aonline resources$2rdacarrier
=500  \\$aText printed in two columns.
=500  \\$aIn verse.
=500  \\$aIllustration at head of title.
=500  \\$aCaption title.
=500  \\$aImprint from colophon.
=500  \\$aIn two parts. Part two has title: "Segunda parte en la cual se da fin á esta historia con el castigo de esta infeliz y desgraciada muger, como lo notará el curioso."
=599  \\$aItem no. T79 in volume 1074.g.27.$5Uk
=533  \\$aElectronic Reproduction$bLondon$cBritish Library$d2012$nItem no. T79 in volume 1074.g.27.$5Uk
=600  10$aEspiritu Santo, María del Carmen del$xMiracles.
=600  14$aEspiritu Santo, María del Carmen del$xMilagros.
=650  \0$aInfanticide.
=650  \0$aWomen murderers.
=650  \4$aInfanticidio.
=650  \4$aAsesinas.
=655  \7$aChapbooks$zSpain.$2rbgenr
=662  \\$aSpain$dMadrid$2lcsh-naf
=740  02$aSegunda parte en la cual se da fin á esta historia con el castigo de esta infeliz y desgraciada muger.
=752  \\$aSpain$dValencia.
=856  40$uhttp://cudl.lib.cam.ac.uk/view/PR-01074-G-00027-00079$yCambridge Digital Library
=859  \\$aXLD$bCambridge Digital Library
=CAT  \\$aWR14_159$b00$c20141016$lBLL01$h1655
=CAT  \\$aBATCH-UPD$b00$c20141016$lBLL01$h1657
=CAT  \\$aWR14_181$c20150323$lBLL01$h1402
=CAT  \\$aW1606-1753$c20171028$lBLL01$h1604
=SRC  \\$aBLWrongdoing
=LAS  \\$aW1606-1753$b00$c20171028$lBLL01$h1604

