=LDR  01717 am a2200433 a 4500
=001  016893228
=003  Uk
=005  20140530124129.0
=006  m\\\\||\\d\|\\\\\\
=007  cr\|||||||||||
=008  120706s1836\\\\sp\a\\\\o\\\\\000\0\spa\\
=FMT  \\$a  BK
=040  \\$aUkCU$beng$cUkCU$dUk
=245  00$aEspiritual preparacion al sacratisimo parto de Maria siempre virgen y al bendito nacimiento de Jesus :$bpor todo el tiempo de Adviento, que empieza el último dia de noviembre y continuará por todos los 24 dias de diciembre : al devoto lector.
=260  \\$aValencia :$bImprenta de D. Ildefonso Mompié de Monteagudo,$c1836.
=300  \\$a1 online resource
=336  \\$atext$2rdacontent
=337  \\$acomputer$2rdamedia
=338  \\$aonline resources$2rdacarrier
=500  \\$aIn prose.
=500  \\$aIllustration at head of title.
=500  \\$aCaption title.
=500  \\$aImprint from colophon.
=500  \\$a"Núm. 41."
=599  \\$aItem no. T83 in volume 1074.g.27.$5Uk
=533  \\$aElectronic Reproduction$bLondon$cBritish Library$d2012$nItem no. T83 in volume 1074.g.27.$5Uk
=600  00$aJesus Christ$xNativity.
=600  04$aJesucristo$xNatividad.
=650  \0$aReligious literature, Spanish.
=650  \4$aLiteratura religiosa española.
=655  \7$aChapbooks$zSpain.$2rbgenr
=752  \\$aSpain$dValencia.
=856  40$uhttp://cudl.lib.cam.ac.uk/view/PR-01074-G-00027-00083$yCambridge Digital Library
=859  \\$aXLD$bCambridge Digital Library
=CAT  \\$aWR14_159$b00$c20141016$lBLL01$h1655
=CAT  \\$aWR14_181$c20150323$lBLL01$h1402
=CAT  \\$aW1606-1753$c20171028$lBLL01$h1604
=SRC  \\$aBLWrongdoing
=LAS  \\$aW1606-1753$b00$c20171028$lBLL01$h1604

