=LDR  02079 am a2200481 a 4500
=001  016893229
=003  Uk
=005  20140530123912.0
=006  m\\\\||\\d\|\\\\\\
=007  cr\|||||||||||
=008  120706s1837\\\\sp\a\\\\o\\\\\000\0\spa\\
=FMT  \\$a  BK
=040  \\$aUkCU$beng$cUkCU$dUk
=043  \\$ae-sp---
=245  00$aPrimera parte :$bCuriosa y nueva relacion en que se refiere la historia de los bandidos que habitaron en los montes de Toledo, egecutando en ellos notables atrocidades : con todo lo demás que verá el curioso lector.
=246  30$aCuriosa y nueva relacion en que se refiere la historia de los bandidos que habitaron en los montes de Toledo
=260  \\$aValencia :$bImprenta de D. Ildefonso Mompié de Monteagudo, calle nueva de S. Fernando, núms. 63 y 64, junto al mercado,$cAño 1837.
=300  \\$a1 online resource
=336  \\$atext$2rdacontent
=337  \\$acomputer$2rdamedia
=338  \\$aonline resources$2rdacarrier
=500  \\$aText printed in two columns.
=500  \\$aIn verse.
=500  \\$aTwo separate illustrations at head of title; second part with two additional illustrations at head of title.
=500  \\$aCaption title.
=500  \\$aImprint from colophon of primera parte.
=500  \\$a"Núm. 19."
=599  \\$aItem no. T84 in volume 1074.g.27.$5Uk
=533  \\$aElectronic Reproduction$bLondon$cBritish Library$d2012$nItem no. T84 in volume 1074.g.27.$5Uk
=650  \0$aBrigands and robbers$zSpain$zToledo.
=650  \0$aViolent crimes.
=650  \4$aBandoleros$zEspaña$zToledo.
=650  \4$aDelitos violentos.
=655  \7$aChapbooks$zSpain.$2rbgenr
=662  \\$aSpain$dToledo$2lcsh-naf
=752  \\$aSpain$dValencia.
=856  40$uhttp://cudl.lib.cam.ac.uk/view/PR-01074-G-00027-00084$yCambridge Digital Library
=859  \\$aXLD$bCambridge Digital Library
=CAT  \\$aWR14_159$b00$c20141016$lBLL01$h1655
=CAT  \\$aWR14_181$c20150323$lBLL01$h1402
=CAT  \\$aW1606-1753$c20171028$lBLL01$h1604
=SRC  \\$aBLWrongdoing
=LAS  \\$aW1606-1753$b00$c20171028$lBLL01$h1604

