=LDR  02795 am a2200541 a 4500
=001  016893232
=003  Uk
=005  20140530124101.0
=006  m\\\\||\\d\|\\\\\\
=007  cr\|||||||||||
=008  120706s1839\\\\sp\a\\\\o\\\\\000\0\spa\\
=FMT  \\$a  BK
=040  \\$aUkCU$beng$cUkCU$dUk
=245  03$aEl hijo del verdugo :$bVerdadera relacion en que se refiere los sucesos de este mancebo, natural de la ciudad de Córdoba, el cual se pasó á los reynos de las Indias y logró grandes fortunas, como verá el curioso : primera parte.
=246  30$aVerdadera relacion en que se refiere los sucesos de este mancebo, natural de la ciudad de Córdoba, el cual se pasó á los reynos de las Indias y logró grandes fortunas
=260  \\$aValencia :$bImprenta de D. Ildefonso Mompié de Montagudo, se hallará en su librería, calle nueva de San Fernando, núm. 19, junto al mercado ...,$c1839.
=300  \\$a1 online resource
=336  \\$atext$2rdacontent
=337  \\$acomputer$2rdamedia
=338  \\$aonline resources$2rdacarrier
=500  \\$aText printed in two columns.
=500  \\$aIn verse.
=500  \\$aIllustration at head of title; second part with three additional illustrations at head of title.
=500  \\$aCaption title.
=500  \\$aImprint from colophon.
=500  \\$a"Núm. 1."
=500  \\$aIn two parts. Part two has title: "El hijo del verdugo: Nueva relacion en que se finalizan los sucesos y nunca esperadas fortunas de este mancebo, natural de la ciudad de Córdoba, el cual mereció los mas altos empleos en los reynos de Indias : con todo lo demás que verá el curioso."
=599  \\$aItem no. T87 in volume 1074.g.27.$5Uk
=599  \\$aLibrary copy has page numbering out of order.$5Uk
=533  \\$aElectronic Reproduction$bLondon$cBritish Library$d2012$nItem no. T87 in volume 1074.g.27.$nLibrary copy has page numbering out of order.$5Uk
=650  \0$aSocial mobility.
=650  \0$aMistaken identity.
=650  \0$aInfants switched at birth.
=650  \4$aMovilidad social.
=650  \4$aInfantes cambiados al nacer.
=653  \0$aFalsificación de identidad.
=653  \0$aVerdugos.
=655  \7$aChapbooks$zSpain.$2rbgenr
=662  \\$aSpain$dCórdoba$2lcsh-naf
=740  02$aNueva relacion en que se finalizan los sucesos y nunca esperadas fortunas de este mancebo, natural de la ciudad de Córdoba.
=752  \\$aSpain$dValencia.
=856  40$uhttp://cudl.lib.cam.ac.uk/view/PR-01074-G-00027-00087$yCambridge Digital Library
=859  \\$aXLD$bCambridge Digital Library
=CAT  \\$aWR14_159$b00$c20141016$lBLL01$h1655
=CAT  \\$aWR14_181$c20150323$lBLL01$h1402
=CAT  \\$aW1606-1753$c20171028$lBLL01$h1604
=SRC  \\$aBLWrongdoing
=LAS  \\$aW1606-1753$b00$c20171028$lBLL01$h1604

