=LDR  01968 am a2200481 a 4500
=001  016893236
=003  Uk
=005  20140404172926.0
=006  m\\\\||\\d\|\\\\\\
=007  cr\|||||||||||
=008  120706s1841\\\\sp\a\\\\o\\\\\000\0\spa\\
=FMT  \\$a  BK
=040  \\$aUkCU$beng$cUkCU$dUk
=100  1\$aPorras Trenllado, Andrés de.
=245  13$aEl grillo y el leon :$bNuevo y curioso romance para reir y pasar el tiempo en que se da cuenta de una cruel y sangrienta batalla que en los campos de Araviana tuvo el valiente y esforzado leon, rey de los animales, con el famoso y alentado grillo, rey de las sabandijas /$ccompuesto por Andrés de Porras Trenllado.
=246  3\$aNuevo y curioso romance para reir y pasar el tiempo en que se da cuenta de una cruel y sangrienta batalla
=260  \\$aValencia :$bImprenta de Don Ildefonso Mompié,$c1841.
=300  \\$a1 online resource
=336  \\$atext$2rdacontent
=337  \\$acomputer$2rdamedia
=338  \\$aonline resources$2rdacarrier
=500  \\$aText printed in two columns.
=500  \\$aIn verse.
=500  \\$aIllustration at head of title.
=500  \\$aCaption title.
=500  \\$aImprint from colophon.
=500  \\$a"46."
=599  \\$aItem no. T91 in volume 1074.g.27.$5Uk
=533  \\$aElectronic Reproduction$bLondon$cBritish Library$d2012$nItem no. T91 in volume 1074.g.27.$5Uk
=650  \0$aSatire, Spanish.
=650  \4$aSátira española.
=650  \4$aGrillos.
=650  \4$aLeones.
=655  \7$aChapbooks$zSpain.$2rbgenr
=662  \\$aSpain$dAndalusia$2lcsh-naf
=752  \\$aSpain$dValencia.
=856  40$uhttp://cudl.lib.cam.ac.uk/view/PR-01074-G-00027-00091$yCambridge Digital Library
=859  \\$aXLD$bCambridge Digital Library
=CAT  \\$aWR14_159$b00$c20141016$lBLL01$h1655
=CAT  \\$aWR14_181$c20150323$lBLL01$h1402
=CAT  \\$aW1606-1753$c20171028$lBLL01$h1604
=SRC  \\$aBLWrongdoing
=LAS  \\$aW1606-1753$b00$c20171028$lBLL01$h1604

