=LDR  01912 am a2200505 a 4500
=001  016893240
=003  Uk
=005  20130523154910.0
=006  m\\\\||\\d\|\\\\\\
=007  cr\|||||||||||
=008  120710s1841\\\\sp\a\\\\o\\\\\000\0\spa\\
=FMT  \\$a  BK
=040  \\$aUkCU$beng$cUkCU$dUk
=245  03$aEl alarbe de Marsella :$begemplar castigo que ha egecutado Dios nuestro Señor con un caballero de la ciudad de Marsella, por haber dado muerte á su padre y á un hermano suyo y otras varias atrocidades que habia practicado.
=246  3\$aEgemplar castigo que ha egecutado Dios nuestro Señor con un caballero de la ciudad de Marsella
=260  \\$aValencia :$bImprenta de Mompié,$c1841.
=300  \\$a1 online resource
=336  \\$atext$2rdacontent
=337  \\$acomputer$2rdamedia
=338  \\$aonline resources$2rdacarrier
=500  \\$aText printed in two columns.
=500  \\$aIn verse.
=500  \\$aIllustration at head of title.
=500  \\$aCaption title.
=500  \\$aImprint from colophon.
=500  \\$a"87."
=599  \\$aItem no. T95 in volume 1074.g.27.$5Uk
=533  \\$aElectronic Reproduction$bLondon$cBritish Library$d2012$nItem no. T95 in volume 1074.g.27.$5Uk
=650  \0$aFratricide.
=650  \0$aParricide.
=650  \0$aJudgment of God.
=650  \0$aChristianity and justice.
=650  \4$aFratricidio.
=650  \4$aParricidio.
=653  \0$aJusticia divina.
=655  \7$aChapbooks$zSpain.$2rbgenr
=662  \\$aFrance$dMarseille$2lcsh-naf
=752  \\$aSpain$dValencia.
=856  40$uhttp://cudl.lib.cam.ac.uk/view/PR-01074-G-00027-00095$yCambridge Digital Library
=859  \\$aXLD$bCambridge Digital Library
=CAT  \\$aWR14_159$b00$c20141016$lBLL01$h1655
=CAT  \\$aWR14_181$c20150323$lBLL01$h1402
=CAT  \\$aW1606-1753$c20171028$lBLL01$h1604
=SRC  \\$aBLWrongdoing
=LAS  \\$aW1606-1753$b00$c20171028$lBLL01$h1604

