=LDR  01673 am a2200469 a 4500
=001  016893242
=003  Uk
=005  20140530131435.0
=006  m\\\\||\\d\|\\\\\\
=007  cr\|||||||||||
=008  120710s1842\\\\sp\a\\\\o\\\\\000\0\spa\\
=FMT  \\$a  BK
=040  \\$aUkCU$beng$cUkCU$dUk
=100  0\$aSantapola.
=245  10$aChiste moderno del caso sucedido en Alcoy con un molinero /$ccompuesto por Bautista Gomez, conocido por Santapola.
=260  \\$aValencia :$bImprenta de D. Ildefonso Mompié de Montagudo,$cAño 1842.
=300  \\$a1 online resource
=336  \\$atext$2rdacontent
=337  \\$acomputer$2rdamedia
=338  \\$aonline resources$2rdacarrier
=500  \\$aText printed in two columns.
=500  \\$aIn verse.
=500  \\$aThree separate illustrations at head of title.
=500  \\$aCaption title.
=500  \\$aImprint from colophon.
=500  \\$a"53."
=599  \\$aItem no. T97 in volume 1074.g.27.$5Uk
=533  \\$aElectronic Reproduction$bLondon$cBritish Library$d2012$nItem no. T97 in volume 1074.g.27.$5Uk
=650  \0$aSongs, Spanish$vTexts.
=650  \0$aMillers.
=650  \4$aMolineros.
=653  \0$aCanciones españolas--Textos.
=655  \7$aChapbooks$zSpain.$2rbgenr
=662  \\$aSpain$dAlcoy$2lcsh-naf
=752  \\$aSpain$dValencia.
=856  40$uhttp://cudl.lib.cam.ac.uk/view/PR-01074-G-00027-00097$yCambridge Digital Library
=859  \\$aXLD$bCambridge Digital Library
=CAT  \\$aWR14_159$b00$c20141016$lBLL01$h1655
=CAT  \\$aWR14_181$c20150323$lBLL01$h1402
=CAT  \\$aW1606-1753$c20171028$lBLL01$h1604
=SRC  \\$aBLWrongdoing
=LAS  \\$aW1606-1753$b00$c20171028$lBLL01$h1604

