=LDR  01958 am a2200481 a 4500
=001  016893243
=003  Uk
=005  20140530123932.0
=006  m\\\\||\\d\|\\\\\\
=007  cr\|||||||||||
=008  120710s1846\\\\sp\a\\\\o\\\\\000\0\spa\\
=FMT  \\$a  BK
=040  \\$aUkCU$beng$cUkCU$dUk
=245  00$aNuevo y portentoso suceso acaecido en Tudela de Navarra :$bcon Don Andrés de Salas, que se libró de las garras del demonio por la intercesion de la Santísima Vírgen del Rosario, de quien era devoto : y lo demás que verá el curioso lector.
=260  \\$aValencia :$bImprenta de Don Jose Mompie, calle de San Fernando número 12,$cAño 1846.
=300  \\$a1 online resource
=336  \\$atext$2rdacontent
=337  \\$acomputer$2rdamedia
=338  \\$aonline resources$2rdacarrier
=500  \\$aText printed in two columns.
=500  \\$aIn verse.
=500  \\$aThree separate illustrations at head of title.
=500  \\$aCaption title.
=500  \\$aImprint from colophon.
=500  \\$a"24."
=599  \\$aItem no. T98 in volume 1074.g.27.$5Uk
=533  \\$aElectronic Reproduction$bLondon$cBritish Library$d2012$nItem no. T98 in volume 1074.g.27.$5Uk
=650  \0$aRosary, Our Lady of the$xApparitions and miracles.
=650  \0$aDevil.
=650  \4$aAndrés de Salas (Fictitious character)
=650  \4$aDemonio.
=653  \1$aNuestra Señora del Rosario--Apariciones y milagros.
=653  \1$aAndrés de Salas (Personaje ficticio)
=655  \7$aChapbooks$zSpain.$2rbgenr
=662  \\$aSpain$dTudela$2lcsh-naf
=752  \\$aSpain$dValencia.
=856  40$uhttp://cudl.lib.cam.ac.uk/view/PR-01074-G-00027-00098$yCambridge Digital Library
=859  \\$aXLD$bCambridge Digital Library
=CAT  \\$aWR14_159$b00$c20141016$lBLL01$h1655
=CAT  \\$aWR14_181$c20150323$lBLL01$h1402
=CAT  \\$aW1606-1753$c20171028$lBLL01$h1604
=SRC  \\$aBLWrongdoing
=LAS  \\$aW1606-1753$b00$c20171028$lBLL01$h1604

