=LDR  01932 am a2200493 a 4500
=001  016893244
=003  Uk
=005  20130211103432.0
=006  m\\\\||\\d\|\\\\\\
=007  cr\|||||||||||
=008  120710s1858\\\\sp\a\\\\o\\\\\000\0\spa\\
=FMT  \\$a  BK
=040  \\$aUkCU$beng$cUkCU$dUk
=245  04$aUna boda de negros :$bRomance en que se refiere la celebridad, galanteo y acasos de esta boda, que se ejecutó en la ciudad del Puerto de Santa María.
=246  30$aRomance en que se refiere la celebridad, galanteo y acasos de esta boda
=260  \\$aValencia :$bImp. de La Regeneración Tipográfica, á cargo de Vicente Civera, calle del Sagrario de Sta. Cruz, núm. 4,$c1857.
=300  \\$a1 online resource
=336  \\$atext$2rdacontent
=337  \\$acomputer$2rdamedia
=338  \\$aonline resources$2rdacarrier
=500  \\$aText printed in two columns.
=500  \\$aIn verse.
=500  \\$aIllustration at head of title.
=500  \\$aCaption title.
=500  \\$aImprint from colophon.
=500  \\$a"Núm. 2."
=599  \\$aItem no. T99 in volume 1074.g.27.$5Uk
=533  \\$aElectronic Reproduction$bLondon$cBritish Library$d2012$nItem no. T99 in volume 1074.g.27.$5Uk
=650  \4$aTomás de Melo (Fictitious character)
=650  \0$aSatire, Spanish.
=650  \0$aWeddings.
=650  \4$aSátira española.
=650  \4$aBodas.
=653  \1$aTomás de Melo (Personaje ficticio)
=655  \7$aChapbooks$zSpain.$2rbgenr
=662  \\$aSpain$dEl Puerto de Santa María$2lcsh-naf
=752  \\$aSpain$dValencia.
=856  40$uhttp://cudl.lib.cam.ac.uk/view/PR-01074-G-00027-00099$yCambridge Digital Library
=859  \\$aXLD$bCambridge Digital Library
=CAT  \\$aWR14_159$b00$c20141016$lBLL01$h1655
=CAT  \\$aWR14_181$c20150323$lBLL01$h1402
=CAT  \\$aW1606-1753$c20171028$lBLL01$h1604
=SRC  \\$aBLWrongdoing
=LAS  \\$aW1606-1753$b00$c20171028$lBLL01$h1604

