=LDR  02210 am a2200493 a 4500
=001  016893251
=003  Uk
=005  20140530123531.0
=006  m\\\\||\\d\|\\\\\\
=007  cr\|||||||||||
=008  120712s1858\\\\sp\a\\\\o\\\\\000\0\spa\\
=FMT  \\$a  BK
=040  \\$aUkCU$beng$cUkCU$dUk
=245  00$aCuriosa relacion en la que se declaran los hechos y atrocidades cometidas por dos hermanos en las personas de sus ancianos padres, sacándolos de sus casas engañados con la intencion de matarles, como tambien se declara en dicha relacion el portentoso milagro que obró Nuestra Señora del Pilar, permitiendo que saliesen dos fieras en socorro de aquellos desgraciados padres, al tiempo de ir á ser víctimas del diabólico furor de sus malos hijos :$bcomo ha sucedido en el presente año de 1858 á los 28 de marzo en la villa de Campillo, Reino de Aragon.
=260  \\$aValencia :$bImprenta de Juan Mariana, Lonja n. 7,$c1858.
=300  \\$a1 online resource
=336  \\$atext$2rdacontent
=337  \\$acomputer$2rdamedia
=338  \\$aonline resources$2rdacarrier
=500  \\$aText printed in two columns.
=500  \\$aIn verse.
=500  \\$aIllustration at head of title.
=500  \\$aCaption title.
=500  \\$aImprint from colophon.
=500  \\$a"Núm. 28."
=599  \\$aItem no. T106 in volume 1074.g.27.$5Uk
=533  \\$aElectronic Reproduction$bLondon$cBritish Library$d2012$nItem no. T106 in volume 1074.g.27.$5Uk
=600  00$aPilar, Nuestra Señora del$xMiracles.
=600  04$aPilar, Nuestra Señora del$xMilagros.
=650  \0$aAbused parents.
=650  \0$aFeral animals.
=650  \4$aAnimales salvajes.
=650  \4$aHermanos.
=653  \0$aPadres maltratados.
=655  \7$aChapbooks$zSpain.$2rbgenr
=662  \\$aSpain$dAragon$2lcsh-naf
=752  \\$aSpain$dValencia.
=856  40$uhttp://cudl.lib.cam.ac.uk/view/PR-01074-G-00027-00106$yCambridge Digital Library
=859  \\$aXLD$bCambridge Digital Library
=CAT  \\$aWR14_159$b00$c20141016$lBLL01$h1655
=CAT  \\$aWR14_181$c20150323$lBLL01$h1402
=CAT  \\$aW1606-1753$c20171028$lBLL01$h1604
=SRC  \\$aBLWrongdoing
=LAS  \\$aW1606-1753$b00$c20171028$lBLL01$h1604

