=LDR  02035 am a2200445 a 4500
=001  016893253
=003  Uk
=005  20140530124117.0
=006  m\\\\||\\d\|\\\\\\
=007  cr\|||||||||||
=008  120713s1854\\\\sp\a\\\\o\\\\\000\0\cat\\
=FMT  \\$a  BK
=040  \\$aUkCU$beng$cUkCU$dUk
=245  03$aLa foquerera :$bColoqui o raonament de una valensianeta que aconsella el tio Micha-Galta á tots els fadrins que tinguen presa de casarse.
=246  3\$aColoqui o raonament de una valensianeta que aconsella el Tio Micha-galta á tots els fadrins que tinguen presa de casarse
=260  \\$aValensia :$bImprenta de D.J. Mariana,$c1854.
=300  \\$a1 online resource
=336  \\$atext$2rdacontent
=337  \\$acomputer$2rdamedia
=338  \\$aonline resources$2rdacarrier
=500  \\$aText printed in two columns.
=500  \\$aIn verse.
=500  \\$aTwo separate illustrations at head of title.
=500  \\$aCaption title.
=500  \\$aImprint from colophon.
=500  \\$aIn two parts. Part two has title: "Segona part q'ues referix la mateixa pretensió del Tio Micha-galta en favor de la seua prometida y també vorán el gust tan delicat d'esta polla."
=599  \\$aItem no. T108 in volume 1074.g.27.$5Uk
=533  \\$aElectronic Reproduction$bLondon$cBritish Library$d2012$nItem no. T108 in volume 1074.g.27.$5Uk
=650  \0$aMan-woman relationships.
=650  \4$aRelaciones hombre-mujer.
=655  \7$aChapbooks$zSpain.$2rbgenr
=740  02$aSegona part q'ues referix la mateixa pretensió del Tio Micha-galta en favor de la seua prometida y també vorán el gust tan delicat d'esta polla.
=752  \\$aSpain$dValencia.
=856  40$uhttp://cudl.lib.cam.ac.uk/view/PR-01074-G-00027-00108$yCambridge Digital Library
=859  \\$aXLD$bCambridge Digital Library
=CAT  \\$aWR14_159$b00$c20141016$lBLL01$h1655
=CAT  \\$aWR14_181$c20150323$lBLL01$h1402
=CAT  \\$aW1606-1753$c20171028$lBLL01$h1604
=SRC  \\$aBLWrongdoing
=LAS  \\$aW1606-1753$b00$c20171028$lBLL01$h1604

