=LDR  02162 am a2200481 a 4500
=001  016893259
=003  Uk
=005  20140530131403.0
=006  m\\\\||\\d\|\\\\\\
=007  cr\|||||||||||
=008  120713q17751859sp\a\\\\o\\\\\000\0\spa\\
=FMT  \\$a  BK
=040  \\$aUkCU$beng$cUkCU$dUk
=100  10$aRojas, Simón de,$d1552-1624.
=245  10$aColoquio entre dos niños que van a la escuela :$ben el qual se explican los principios de nuestra fe, los misterios de la misa, y lo que ha de meditar en ella : con el Padre Nuestro y un romance de un alma arrepentida /$cpor el Licenciado Simon de Roxas.
=260  \\$a[S.l. :$bs.n.,$cbetween 1775 and 1859]
=300  \\$a1 online resource
=336  \\$atext$2rdacontent
=337  \\$acomputer$2rdamedia
=338  \\$aonline resources$2rdacarrier
=500  \\$aText printed in two columns.
=500  \\$aIn verse.
=500  \\$aIllustration below title.
=500  \\$aCaption title.
=500  \\$a"El Padre Nuestro glosado que dixo un pecador arrepentido estando en las agonías de la muerte": p. [7].
=500  \\$a"Romance de un alma en pecado y que desea con ansia salir de él": p. [8].
=599  \\$aItem no. T2 in volume 1074.g.23.$5Uk
=533  \\$aElectronic Reproduction$bLondon$cBritish Library$d2012$nItem no. T2 in volume 1074.g.23.$5Uk
=650  \0$aDevotional literature, Spanish.
=650  \0$aChristian education of children.
=650  \4$aLiteratura española devocional.
=650  \4$aEducación cristiana de niños.
=655  \7$aChapbooks$zSpain.$2rbgenr
=740  02$aPadre Nuestro glosado que dixo un pecador arrepentido estando en las agonías de la muerte.
=740  02$aRomance de un alma en pecado y que desea con ansia salir de él.
=856  40$uhttp://cudl.lib.cam.ac.uk/view/PR-01074-G-00023-00002$yCambridge Digital Library
=859  \\$aXLD$bCambridge Digital Library
=CAT  \\$aWR14_159$b00$c20141016$lBLL01$h1655
=CAT  \\$aBATCH-UPD$b00$c20141016$lBLL01$h1715
=CAT  \\$aWR14_181$c20150323$lBLL01$h1402
=CAT  \\$aW1606-1753$c20171028$lBLL01$h1604
=SRC  \\$aBLWrongdoing
=LAS  \\$aW1606-1753$b00$c20171028$lBLL01$h1604

