=LDR  02398 am a2200445 a 4500
=001  016893260
=003  Uk
=005  20140530125906.0
=006  m\\\\||\\d\|\\\\\\
=007  cr\|||||||||||
=008  120713q17751859sp\a\\\\o\\\\\000\0\spa\\
=FMT  \\$a  BK
=040  \\$aUkCU$beng$cUkCU$dUk
=245  03$aLa SS. Cruz de Carabaca :$bestán concedidos 3600 dias de indulgencia á los debotos que llevan consigo y rezaren un credo ó un acto de contricion por los Señores Eminentísimos cardenales, arzobispos y obispos de España : es abogada contra rayos, centellas y tempestades.
=260  \\$aVéndese en Barcelona :$bEn la librería de I. Estivill, calle de la Boria,$c[between 1775 and 1859]
=300  \\$a1 online resource
=336  \\$atext$2rdacontent
=337  \\$acomputer$2rdamedia
=338  \\$aonline resources$2rdacarrier
=500  \\$aText printed in two columns.
=500  \\$aIn verse and prose.
=500  \\$aIllustration at head of title; additional illustrations on pp. [3] and [4].
=500  \\$aCaption title.
=500  \\$a"Devocion á Nuestra Señora del Carmen, especial abogada contra las tempestades y casos contajiosos": p. [3].
=500  \\$a"Favores y gracias concedidas á todos los fieles cristianos por nuestro Santísimo Padre Benedicto XIII, en alivio de las santas almas del Purgatorio, á los que llevaren consigo la presente, poniendo su nombre y apellido teniendo la Bula de la Santa Cruzada": p. [4].
=599  \\$aItem no. T3 in volume 1074.g.23.$5Uk
=533  \\$aElectronic Reproduction$bLondon$cBritish Library$d2012$nItem no. T3 in volume 1074.g.23.$5Uk
=650  \0$aChristian literature, Spanish.
=650  \4$aLiteratura religiosa española.
=655  \7$aChapbooks$zSpain.$2rbgenr
=740  02$aDevocion á Nuestra Señora del Carmen, especial abogada contra las tempestades y casos contajiosos.
=740  02$aFavores y gracias concedidas á todos los fieles cristianos por nuestro Santísimo Padre Benedicto XIII
=752  \\$aSpain$dBarcelona.
=856  40$uhttp://cudl.lib.cam.ac.uk/view/PR-01074-G-00023-00003$yCambridge Digital Library
=859  \\$aXLD$bCambridge Digital Library
=CAT  \\$aWR14_159$b00$c20141016$lBLL01$h1655
=CAT  \\$aWR14_181$c20150323$lBLL01$h1402
=CAT  \\$aW1606-1753$c20171028$lBLL01$h1604
=SRC  \\$aBLWrongdoing
=LAS  \\$aW1606-1753$b00$c20171028$lBLL01$h1604

