=LDR  01880 am a2200457 a 4500
=001  016893261
=003  Uk
=005  20140530130914.0
=006  m\\\\||\\d\|\\\\\\
=007  cr\|||||||||||
=008  120717q17751859sp\a\\\\o\\\\\000\0\spa\\
=FMT  \\$a  BK
=040  \\$aUkCU$beng$cUkCU$dUk
=245  00$aDoña Isabel de Gonzalez :$bdáse cuenta de la usura y avaricia que tenia esta señora y poca caridad para los pobres, como se arrepintió y dió su hacienda á los necesitados en vista del premio que Dios dió á una criada suya : sucedido en un pueblo llamado Evanos en el reino de Navarra en el dia 4 de enero en este año de 1849.
=260  \\$a[S.l. :$bs.n.,$cbetween 1775 and 1859]
=300  \\$a1 online resource
=336  \\$atext$2rdacontent
=337  \\$acomputer$2rdamedia
=338  \\$aonline resources$2rdacarrier
=500  \\$aText printed in two columns.
=500  \\$aIn verse.
=500  \\$aIllustration at head of title.
=500  \\$aCaption title.
=599  \\$aItem no. T4 in volume 1074.g.23.$5Uk
=533  \\$aElectronic Reproduction$bLondon$cBritish Library$d2012$nItem no. T4 in volume 1074.g.23.$5Uk
=650  \4$aIsabel de Gonzalez (Fictitious character)
=650  \0$aAvarice.
=650  \0$aRepentance$xChristianity.
=650  \0$aJudgement of God
=650  \4$aAvaricia.
=650  \4$aArrepentimiento$xCristianismo.
=653  \1$aIsabel de Gonzalez (Personaje ficticio)
=655  \7$aChapbooks$zSpain.$2rbgenr
=662  \\$aSpain$dNavarre$2lcsh-naf
=856  40$uhttp://cudl.lib.cam.ac.uk/view/PR-01074-G-00023-00004$yCambridge Digital Library
=859  \\$aXLD$bCambridge Digital Library
=CAT  \\$aWR14_159$b00$c20141016$lBLL01$h1655
=CAT  \\$aWR14_181$c20150323$lBLL01$h1402
=CAT  \\$aW1606-1753$c20171028$lBLL01$h1604
=SRC  \\$aBLWrongdoing
=LAS  \\$aW1606-1753$b00$c20171028$lBLL01$h1604

