=LDR  02253 am a2200445 a 4500
=001  016893264
=003  Uk
=005  20140530131239.0
=006  m\\\\||\\d\|\\\\\\
=007  cr\|||||||||||
=008  120717q17751859sp\a\\\\o\\\\\000\0\spa\\
=FMT  \\$a  BK
=040  \\$aUkCU$beng$cUkCU$dUk
=245  00$aCurioso romance de la creacion del mundo :$bPrimera parte en que se esplica el soberano misterio de la Santísima Trinidad, creacion de los ángeles, rebelion de Luzbel contra Dios y caída á los infiernos : creacion del mundo y pecado de nuestros primeros padres : nacimiento de Caín y su descendencia hasta el diluvio.
=246  3\$aPrimera parte en que se esplica el soberano misterio de la Santísima Trinidad
=260  \\$a[S.l. :$bs.n.,$cbetween 1775 and 1859]
=300  \\$a1 online resource
=336  \\$atext$2rdacontent
=337  \\$acomputer$2rdamedia
=338  \\$aonline resources$2rdacarrier
=500  \\$aText printed in two columns.
=500  \\$aIn verse.
=500  \\$aIllustration at head of title; second part with two additional illustrations at head of title.
=500  \\$aCaption title.
=500  \\$aIn two parts. Part two has title: Segunda parte en la cual se refieren las edades que tuvo el mundo desde su creacion hasta la venida del Hijo de Dios, su encarnacion en las entrañas de María Santísima, su prodigiosa vida y milagros, hasta su pasion.
=599  \\$aItem no. T7 in volume 1074.g.23.$5Uk
=533  \\$aElectronic Reproduction$bLondon$cBritish Library$d2012$nItem no. T7 in volume 1074.g.23.$5Uk
=650  \0$aCreation.
=650  \0$aChristian literature, Spanish.
=650  \4$aCreación.
=650  \4$aLiteratura religiosa española.
=655  \7$aChapbooks$zSpain.$2rbgenr
=740  02$aSegunda parte en la cual se refieren las edades que tuvo el mundo desde su creacion hasta la venida del Hijo de Dios.
=856  40$uhttp://cudl.lib.cam.ac.uk/view/PR-01074-G-00023-00007$yCambridge Digital Library
=859  \\$aXLD$bCambridge Digital Library
=CAT  \\$aWR14_159$b00$c20141016$lBLL01$h1655
=CAT  \\$aWR14_181$c20150323$lBLL01$h1402
=CAT  \\$aW1606-1753$c20171028$lBLL01$h1604
=SRC  \\$aBLWrongdoing
=LAS  \\$aW1606-1753$b00$c20171028$lBLL01$h1604

