=LDR  01869 am a2200445 a 4500
=001  016893265
=003  Uk
=005  20140530125822.0
=006  m\\\\||\\d\|\\\\\\
=007  cr\|||||||||||
=008  120717q17751859sp\a\\\\o\\\\\000\0\spa\\
=FMT  \\$a  BK
=040  \\$aUkCU$beng$cUkCU$dUk
=245  00$aVerdadera relacion de un caso espantoso acontecido en una aldea del Departamento del Eureet Loire en Francia este año de 1832 :$bcon un hombre malo que regresando de cazar le disparó un tiro á una imágen de Ntro. Sr. Jesucristo y castigo que esperimentó para desengaño de los incrédulos : inserto en la gaceta de Madrid en 21 de abril del referido año : con lo demas que verá el lector : primera parte.
=260  \\$a[S.l. :$bs.n.,$cbetween 1775 and 1859]
=300  \\$a1 online resource
=336  \\$atext$2rdacontent
=337  \\$acomputer$2rdamedia
=338  \\$aonline resources$2rdacarrier
=500  \\$aText printed in two columns.
=500  \\$aIn verse.
=500  \\$aIllustration at head of title.
=500  \\$aCaption title.
=500  \\$aIn two parts.
=599  \\$aItem no. T8 in volume 1074.g.23.$5Uk
=533  \\$aElectronic Reproduction$bLondon$cBritish Library$d2012$nItem no. T8 in volume 1074.g.23.$5Uk
=650  \0$aSacrilege.
=650  \0$aJudgment of God.
=650  \0$aChristianity and justice.
=650  \4$aSacrilegio.
=653  \0$aJusticia divina.
=655  \7$aChapbooks$zSpain.$2rbgenr
=662  \\$aFrance$dEure-et-Loir$2lcsh-naf
=856  40$uhttp://cudl.lib.cam.ac.uk/view/PR-01074-G-00023-00008$yCambridge Digital Library
=859  \\$aXLD$bCambridge Digital Library
=CAT  \\$aWR14_159$b00$c20141016$lBLL01$h1655
=CAT  \\$aWR14_181$c20150323$lBLL01$h1402
=CAT  \\$aW1606-1753$c20171028$lBLL01$h1604
=SRC  \\$aBLWrongdoing
=LAS  \\$aW1606-1753$b00$c20171028$lBLL01$h1604

