=LDR  01822 am a2200421 a 4500
=001  016893273
=003  Uk
=005  20140530125728.0
=006  m\\\\||\\d\|\\\\\\
=007  cr\|||||||||||
=008  120718q17751859sp\a\\\\o\\\\\000\0\spa\\
=FMT  \\$a  BK
=040  \\$aUkCU$beng$cUkCU$dUk
=245  00$aZorros caseros :$bVerdades del dia dispuestas por la experiencia de un famosísimo autor de los zorros monteses y en particular de los zorros caseros que andan tras de atrapar las gallinas y pollas del primer vuelo cuando conocen encontrarlas solitas en el gallinero.
=246  3\$aVerdades del dia dispuestas por la experiencia de un famosísimo autor de los zorros monteses y en particular de los zorros caseros que andan tras de atrapar las gallinas y pollas del primer vuelo
=260  \\$a[S.l. :$bs.n.,$cbetween 1775 and 1859]
=300  \\$a1 online resource
=336  \\$atext$2rdacontent
=337  \\$acomputer$2rdamedia
=338  \\$aonline resources$2rdacarrier
=500  \\$aText printed in two columns.
=500  \\$aIn verse.
=500  \\$aIllustration incorporated within title.
=500  \\$aCaption title.
=599  \\$aItem no. T16 in volume 1074.g.23.$5Uk
=533  \\$aElectronic Reproduction$bLondon$cBritish Library$d2012$nItem no. T16 in volume 1074.g.23.$5Uk
=650  \0$aSatire, Spanish.
=650  \4$aSátira española.
=650  \4$aZorros.
=650  \4$aGallinas.
=655  \7$aChapbooks$zSpain.$2rbgenr
=856  40$uhttp://cudl.lib.cam.ac.uk/view/PR-01074-G-00023-00016$yCambridge Digital Library
=859  \\$aXLD$bCambridge Digital Library
=CAT  \\$aWR14_159$b00$c20141016$lBLL01$h1655
=CAT  \\$aWR14_181$c20150323$lBLL01$h1402
=CAT  \\$aW1606-1753$c20171028$lBLL01$h1604
=SRC  \\$aBLWrongdoing
=LAS  \\$aW1606-1753$b00$c20171028$lBLL01$h1604

