=LDR  02401 am a2200529 a 4500
=001  016893274
=003  Uk
=005  20140530130147.0
=006  m\\\\||\\d\|\\\\\\
=007  cr\|||||||||||
=008  120718q17751859sp\a\\\\o\\\\\000\0\spa\\
=FMT  \\$a  BK
=040  \\$aUkCU$beng$cUkCU$dUk
=245  00$aRomance nuevo de los lances y casos muy maravillosos que les sucedieron á Don Juan de Arias y Doña Beatriz :$bdase cuenta como no teniendo hijos, por ruegos que hicieron á Dios, alcanzaron una hija, á la que sucedieron cosas muy estrañas y dignas de saberse : primear [sic] parte.
=260  \\$aValladolid :$bImprenta de la Plazuela Vieja,$c[between 1775 and 1859]
=300  \\$a1 online resource
=336  \\$atext$2rdacontent
=337  \\$acomputer$2rdamedia
=338  \\$aonline resources$2rdacarrier
=500  \\$aText printed in two columns.
=500  \\$aIn verse.
=500  \\$aTwo separate illustrations at head of title.
=500  \\$aCaption title.
=500  \\$aImprint from colophon.
=500  \\$aIn two parts. Part two has title: "Segunda parte en que se prosiguen los extraños y particulares sucesos de don Pedro de Salazar y doña Bernarda de Arias."
=599  \\$aItem no. T17 in volume 1074.g.23.$5Uk
=533  \\$aElectronic Reproduction$bLondon$cBritish Library$d2012$nItem no. T17 in volume 1074.g.23.$5Uk
=650  \0$aPregnant women.
=650  \4$aMujeres embarazadas.
=650  \4$aJuan de Arias (Fictitious charachter)
=650  \4$aPedro de Salazar (Fictitious charachter)
=650  \4$aBernarda de Arias (Fictitious charachter)
=653  \1$aJuan de Arias (Personaje ficticio)
=653  \1$aPedro de Salazar (Personaje ficticio)
=653  \1$aBernarda de Arias (Personaje ficticio)
=650  \4$aConventos.
=655  \7$aChapbooks$zSpain.$2rbgenr
=662  \\$aSpain$dLeón$2lcsh-naf
=740  02$aSegunda parte en que se prosiguen los extraños y particulares sucesos de don Pedro de Salazar y doña Bernarda de Arias.
=752  \\$aSpain$dValladolid.
=856  40$uhttp://cudl.lib.cam.ac.uk/view/PR-01074-G-00023-00017$yCambridge Digital Library
=859  \\$aXLD$bCambridge Digital Library
=CAT  \\$aWR14_159$b00$c20141016$lBLL01$h1655
=CAT  \\$aWR14_181$c20150323$lBLL01$h1402
=CAT  \\$aW1606-1753$c20171028$lBLL01$h1604
=SRC  \\$aBLWrongdoing
=LAS  \\$aW1606-1753$b00$c20171028$lBLL01$h1604

