=LDR  02255 am a2200505 a 4500
=001  016893275
=003  Uk
=005  20140530130928.0
=006  m\\\\||\\d\|\\\\\\
=007  cr\|||||||||||
=008  120718s1840\\\\sp\a\\\\o\\\\\000\0\spa\\
=FMT  \\$a  BK
=040  \\$aUkCU$beng$cUkCU$dUk
=245  00$aDon Rodulfo de Pedrajas :$bNueva y curiosa relacion en que se dá cuenta y declara los valerosos hechos y aventuras de fortuna que le sucedieron á don Rodulfo de Pedrajas, natural de Morales del Rey, y como S. M. (que Dios guarde) le premió por sus distinguidas hazañas : primera parte.
=246  3\$aNueva y curiosa relacion en que se dá cuenta y declara los valerosos hechos y aventuras de fortuna que le sucedieron á don Rodulfo de Pedrajas
=260  \\$aValladolid :$bImprenta de Santaren,$c1840.
=300  \\$a1 online resource
=336  \\$atext$2rdacontent
=337  \\$acomputer$2rdamedia
=338  \\$aonline resources$2rdacarrier
=500  \\$aText printed in two columns.
=500  \\$aIn verse.
=500  \\$aTwo separate illustrations incorporated within title; second part with two additional illustrations incorporated within title.
=500  \\$aCaption title.
=500  \\$aImprint from colophon.
=500  \\$aIn two parts.
=500  \\$aWoodcut ornament (device?) at end of first and second part.
=599  \\$aItem no. T18 in volume 1074.g.23.$5Uk
=533  \\$aElectronic Reproduction$bLondon$cBritish Library$d2012$nItem no. T18 in volume 1074.g.23.$5Uk
=650  \0$aBrigands and robbers.
=650  \4$aBandoleros.
=650  \4$aRodulfo de Pedrajas (Fictitious character)
=653  \1$aRodulfo de Pedrajas (Personaje ficticio)
=655  \7$aChapbooks$zSpain.$2rbgenr
=662  \\$aSpain$dZaragoza$2lcsh-naf
=662  \\$aSpain$dSeville$2lcsh-naf
=662  \\$aSpain$bCatalonia$2lcsh-naf
=752  \\$aSpain$dValladolid.
=856  40$uhttp://cudl.lib.cam.ac.uk/view/PR-01074-G-00023-00018$yCambridge Digital Library
=859  \\$aXLD$bCambridge Digital Library
=CAT  \\$aWR14_159$b00$c20141016$lBLL01$h1655
=CAT  \\$aWR14_181$c20150323$lBLL01$h1402
=CAT  \\$aW1606-1753$c20171028$lBLL01$h1604
=SRC  \\$aBLWrongdoing
=LAS  \\$aW1606-1753$b00$c20171028$lBLL01$h1604

