=LDR  01650 am a2200421 a 4500
=001  016893298
=003  Uk
=005  20140530130826.0
=006  m\\\\||\\d\|\\\\\\
=007  cr\|||||||||||
=008  120719q17751859sp\\\\\\o\\\\\000\0\spa\\
=FMT  \\$a  BK
=040  \\$aUkCU$beng$cUkCU$dUk
=100  1\$aLópez, Lorenzo.
=245  10$aFamosa jacara de un hombre que fue asombro del mundo y espanto de las gentes llamado Lucas Nogues :$ba quien por sus muchas atrocidades le dieron justo castigo en la ciudad de Zaragoza : sucedió en este presente año /$ccompuesta por Lorenzo Lopez.
=260  \\$a[S.l. :$bs.n.,$cbetween 1775 and 1859]
=300  \\$a1 online resource
=336  \\$atext$2rdacontent
=337  \\$acomputer$2rdamedia
=338  \\$aonline resources$2rdacarrier
=500  \\$aText printed in two columns.
=500  \\$aIn verse.
=500  \\$aCaption title.
=599  \\$aItem no. T41 in volume 1074.g.23.$5Uk
=533  \\$aElectronic Reproduction$bLondon$cBritish Library$d2012$nItem no. T41 in volume 1074.g.23.$5Uk
=650  \0$aLucas Nogues (Fictitious character)
=650  \0$aAtrocities.
=650  \4$aAtrocidades.
=653  \1$aLucas Nogues (Personaje ficticio)
=655  \7$aChapbooks$zSpain.$2rbgenr
=662  \\$aSpain$dZaragoza$2lcsh-naf
=856  40$uhttp://cudl.lib.cam.ac.uk/view/PR-01074-G-00023-00041$yCambridge Digital Library
=859  \\$aXLD$bCambridge Digital Library
=CAT  \\$aWR14_159$b00$c20141016$lBLL01$h1655
=CAT  \\$aWR14_181$c20150323$lBLL01$h1402
=CAT  \\$aW1606-1753$c20171028$lBLL01$h1604
=SRC  \\$aBLWrongdoing
=LAS  \\$aW1606-1753$b00$c20171028$lBLL01$h1604

