=LDR  02241 am a2200517 a 4500
=001  016893300
=003  Uk
=005  20140527151412.0
=006  m\\\\||\\d\|\\\\\\
=007  cr\|||||||||||
=008  120720q17751859sp\a\\\\o\\\\\000\0\spa\\
=FMT  \\$a  BK
=040  \\$aUkCU$beng$cUkCU$dUk
=245  00$aDe don Carlos de Udarca y doña Isabel de Contreras :$bDeclaranse los valerosos arrestos y muertes que hizo este mancebo por los amores de su dama : primera parte.
=260  \\$a[S.l. :$bs.n.,$cbetween 1775 and 1859]
=300  \\$a1 online resource
=336  \\$atext$2rdacontent
=337  \\$acomputer$2rdamedia
=338  \\$aonline resources$2rdacarrier
=500  \\$aText printed in two columns.
=500  \\$aIn verse.
=500  \\$aTwo separate illustrations at head of title; second part with additional illustration at head of title.
=500  \\$aCaption title.
=500  \\$a"20."
=500  \\$aIn two parts. Part two has title: "Segunda parte, de los valerosos hechos de don Carlos de Udarca y de como se casó con su dama doña Isabel de Contreras : con todo lo demas que verá el curioso lector."
=599  \\$aItem no. T43 in volume 1074.g.23.$5Uk
=533  \\$aElectronic Reproduction$bLondon$cBritish Library$d2012$nItem no. T43 in volume 1074.g.23.$5Uk
=650  \4$aCarlos de Udarca (Fictitious character)
=650  \4$aIsabel de Contreras (Fictitious character)
=650  \0$aCourtship.
=650  \0$aMurderers.
=650  \4$aCortejo amoroso.
=650  \4$aAsesinos.
=650  \4$aConventos.
=653  \1$aCarlos de Udarca (Personaje ficticio)
=653  \1$aIsabel de Contreras (Personaje ficticio)
=655  \7$aChapbooks$zSpain.$2rbgenr
=662  \\$aSpain$dValencia$2lcsh-naf
=740  02$aSegunda parte, de los valerosos hechos de don Carlos de Udarca y de como se casó con su dama doña Isabel de Contreras.
=856  40$uhttp://cudl.lib.cam.ac.uk/view/PR-01074-G-00023-00043$yCambridge Digital Library
=859  \\$aXLD$bCambridge Digital Library
=CAT  \\$aWR14_159$b00$c20141016$lBLL01$h1655
=CAT  \\$aWR14_181$c20150323$lBLL01$h1402
=CAT  \\$aW1606-1753$c20171028$lBLL01$h1604
=SRC  \\$aBLWrongdoing
=LAS  \\$aW1606-1753$b00$c20171028$lBLL01$h1604

