=LDR  01739 am a2200433 a 4500
=001  016893303
=003  Uk
=005  20140530131135.0
=006  m\\\\||\\d\|\\\\\\
=007  cr\|||||||||||
=008  120720q17751859sp\a\\\\o\\\\\000\0\spa\\
=FMT  \\$a  BK
=040  \\$aUkCU$beng$cUkCU$dUk
=245  00$aDe Guillermo El ingles :$bNueva relacion y curioso romance donde se dá cuenta de una pesada burla que una muger hizo á un inglès por averla enamorado : con todo lo demás que verà el curioso y discreto lector.
=246  3\$aNueva relacion y curioso romance donde se dá cuenta de una pesada burla que una muger hizo á un inglès por averla enamorado
=260  \\$a[S.l. :$bs.n.,$cbetween 1775 and 1859]
=300  \\$a1 online resource
=336  \\$atext$2rdacontent
=337  \\$acomputer$2rdamedia
=338  \\$aonline resources$2rdacarrier
=500  \\$aText printed in two columns.
=500  \\$aIn verse.
=500  \\$aIllustration at head of title.
=500  \\$aCaption title.
=500  \\$a"40."
=599  \\$aItem no. T46 in volume 1074.g.23.$5Uk
=533  \\$aElectronic Reproduction$bLondon$cBritish Library$d2012$nItem no. T46 in volume 1074.g.23.$5Uk
=650  \0$aCourtship.
=650  \0$aMan-woman relationships.
=650  \4$aCortejo amoroso.
=650  \4$aRelaciones hombre-mujer.
=655  \7$aChapbooks$zSpain.$2rbgenr
=856  40$uhttp://cudl.lib.cam.ac.uk/view/PR-01074-G-00023-00046$yCambridge Digital Library
=859  \\$aXLD$bCambridge Digital Library
=CAT  \\$aWR14_159$b00$c20141016$lBLL01$h1655
=CAT  \\$aWR14_181$c20150323$lBLL01$h1402
=CAT  \\$aW1606-1753$c20171028$lBLL01$h1604
=SRC  \\$aBLWrongdoing
=LAS  \\$aW1606-1753$b00$c20171028$lBLL01$h1604

