=LDR  02093 am a2200493 a 4500
=001  016893311
=003  Uk
=005  20140528145713.0
=006  m\\\\||\\d\|\\\\\\
=007  cr\|||||||||||
=008  120802s1777\\\\sp\a\\\\o\\\\\000\0\spa\\
=FMT  \\$a  BK
=040  \\$aUkCU$beng$cUkCU$dUk
=245  00$aRomance de los amores y tragicos sucesos de Don Isidro y Doña Violante y el negro Domingo : primera parte.
=260  \\$aSe hallará en Malaga :$bEn la imprenta y librería de D. Felix de Casts y Martinez, frente del Sto. Cristo de la Salud ...,$cAño de 1777.
=300  \\$a1 online resource
=336  \\$atext$2rdacontent
=337  \\$acomputer$2rdamedia
=338  \\$aonline resources$2rdacarrier
=500  \\$aText printed in two columns.
=500  \\$aIn verse.
=500  \\$aIllustration at head of title; second part with additional illustration at head of title.
=500  \\$aCaption title.
=500  \\$aImprint from colophon.
=500  \\$a"119."
=500  \\$aIn two parts. Part two hs title: Romance en que se finalizan los amores y tragicos sucesos de Don Isidro, Doña Violante y el negro Domingo : segunda parte."
=599  \\$aItem no. T54 in volume 1074.g.23.$5Uk
=533  \\$aElectronic Reproduction$bLondon$cBritish Library$d2012$nItem no. T54 in volume 1074.g.23.$5Uk
=650  \0$aCourtship.
=650  \0$aTreason.
=650  \4$aTraición.
=650  \4$aCortejo amoroso.
=662  \\$aSpain$dJerez de la Frontera$2lcsh-naf
=662  \\$aSpain$dCádiz$2lcsh-naf
=662  \\$aSpain$dBadajoz$2lcsh-naf
=655  \7$aChapbooks$zSpain.$2rbgenr
=740  02$aRomance en que se finalizan los amores y tragicos sucesos de Don Isidro, Doña Violante y el negro Domingo.
=856  40$uhttp://cudl.lib.cam.ac.uk/view/PR-01074-G-00023-00054$yCambridge Digital Library
=859  \\$aXLD$bCambridge Digital Library
=CAT  \\$aWR14_159$b00$c20141016$lBLL01$h1655
=CAT  \\$aWR14_181$c20150323$lBLL01$h1402
=CAT  \\$aW1606-1753$c20171028$lBLL01$h1604
=SRC  \\$aBLWrongdoing
=LAS  \\$aW1606-1753$b00$c20171028$lBLL01$h1604

