=LDR  02006 am a2200445 a 4500
=001  016893315
=003  Uk
=005  20140522121712.0
=006  m\\\\||\\d\|\\\\\\
=007  cr\|||||||||||
=008  120802q17751859sp\a\\\\o\\\\\000\0\spa\\
=FMT  \\$a  BK
=040  \\$aUkCU$beng$cUkCU$dUk
=245  00$aNueva relacion y curioso romance en que se refiere el lastimoso caso que sucedió con una doncella, natural de Barcelona, que habiéndola sacado un caballero de casa de sus padres con palabra de casamiento, triunfó de su honor él y dos compañeros suyos :$by despues de esta alevosía, la dió cinco puñaladas y la dexáron por muerta en la espesura de un monte, donde fué favorecida de un piadoso pastor, llevándola á poblado : y de la forma qué fué descubierto este suceso y el fin que tuvo, como lo verá el curioso lector.
=260  \\$a[S.l. :$bs.n.,$cbetween 1775 and 1859]
=300  \\$a1 online resource
=336  \\$atext$2rdacontent
=337  \\$acomputer$2rdamedia
=338  \\$aonline resources$2rdacarrier
=500  \\$aText printed in two columns.
=500  \\$aIn verse.
=500  \\$aThree separate illustrations at head of title.
=500  \\$aCaption title.
=500  \\$a"181."
=599  \\$aItem no. T58 in volume 1074.g.23.$5Uk
=533  \\$aElectronic Reproduction$bLondon$cBritish Library$d2012$nItem no. T58 in volume 1074.g.23.$5Uk
=650  \0$aWomen$xCrimes against.
=650  \0$aDeception.
=650  \4$aMujeres$xDelitos contra las.
=650  \4$aEngaño.
=650  \4$aConventos.
=655  \7$aChapbooks$zSpain.$2rbgenr
=662  \\$aSpain$dBarcelona$2lcsh-naf
=856  40$uhttp://cudl.lib.cam.ac.uk/view/PR-01074-G-00023-00058$yCambridge Digital Library
=859  \\$aXLD$bCambridge Digital Library
=CAT  \\$aWR14_159$b00$c20141016$lBLL01$h1655
=CAT  \\$aWR14_181$c20150323$lBLL01$h1402
=CAT  \\$aW1606-1753$c20171028$lBLL01$h1604
=SRC  \\$aBLWrongdoing
=LAS  \\$aW1606-1753$b00$c20171028$lBLL01$h1604

