=LDR  01643 am a2200457 a 4500
=001  016893316
=003  Uk
=005  20140514155205.0
=006  m\\\\||\\d\|\\\\\\
=007  cr\|||||||||||
=008  120803q17751859sp\a\\\\o\\\\\000\0\spa\\
=FMT  \\$a  BK
=040  \\$aUkCU$beng$cUkCU$dUk
=245  00$aRelacion y curioso romance en que se refiere de como una muger, yendo á Roma, hizo ocho muertes en el camino, por volver por su honra :$bcon lo demás que verá el curioso lector.
=260  \\$a[S.l. :$bs.n.,$cbetween 1775 and 1859]
=300  \\$a1 online resource
=336  \\$atext$2rdacontent
=337  \\$acomputer$2rdamedia
=338  \\$aonline resources$2rdacarrier
=500  \\$aText printed in two columns.
=500  \\$aIn verse.
=500  \\$aTwo separate illustrations at head of title.
=500  \\$aCaption title.
=500  \\$a"187."
=599  \\$aItem no. T59 in volume 1074.g.23.$5Uk
=533  \\$aElectronic Reproduction$bLondon$cBritish Library$d2012$nItem no. T59 in volume 1074.g.23.$5Uk
=650  \0$aWomen murderers.
=650  \0$aHonor.
=650  \0$aRevenge.
=650  \4$aAsesinas.
=650  \4$aVenganza.
=650  \4$aHonor.
=655  \7$aChapbooks$zSpain.$2rbgenr
=662  \\$aSpain$dSantiago de Compostela$2lcsh-naf
=856  40$uhttp://cudl.lib.cam.ac.uk/view/PR-01074-G-00023-00059$yCambridge Digital Library
=859  \\$aXLD$bCambridge Digital Library
=CAT  \\$aWR14_159$b00$c20141016$lBLL01$h1655
=CAT  \\$aWR14_181$c20150323$lBLL01$h1402
=CAT  \\$aW1606-1753$c20171028$lBLL01$h1604
=SRC  \\$aBLWrongdoing
=LAS  \\$aW1606-1753$b00$c20171028$lBLL01$h1604

