=LDR  02238 am a2200493 a 4500
=001  016893318
=003  Uk
=005  20140521143238.0
=006  m\\\\||\\d\|\\\\\\
=007  cr\|||||||||||
=008  120803q17751859sp\a\\\\o\\\\\000\0\spa\\
=FMT  \\$a  BK
=040  \\$aUkCU$beng$cUkCU$dUk
=245  10$aNuevo y curioso romance en el qual se refiere una lastimosa carta, que desde la ciudad de Argél la embió à su muger un soldado llamado Francisco Hernandez, natural del Puerto de Santa Maria, por donde verán los tormentos y martirios que padeció entre los moros y el sentimiento que tuvo su esposa, oyendo la carta que le embió su marido :$bcon todo lo demas que verá el curioso lector.
=260  \\$a[S.l. :$bs.n.,$cbetween 1775 and 1859]
=300  \\$a1 online resource
=336  \\$atext$2rdacontent
=337  \\$acomputer$2rdamedia
=338  \\$aonline resources$2rdacarrier
=500  \\$aText printed in two columns.
=500  \\$aIn verse.
=500  \\$aIllustration at head of title; second part with additional illustration at head of title.
=500  \\$aCaption title.
=500  \\$a"248."
=500  \\$aIn two parts. Part two has title: "Segunda parte del cautivo del Puerto de Santa Maria."
=599  \\$aItem no. T61 in volume 1074.g.23.$5Uk
=533  \\$aElectronic Reproduction$bLondon$cBritish Library$d2012$nItem no. T61 in volume 1074.g.23.$5Uk
=650  \0$aChristianity and other religions$xIslam.
=650  \0$aIslam$xRelations$xChristianity
=650  \4$aCristianismo y otras religiones$xIslamismo.
=650  \4$aIslamismo$xRelaciones$xCristianismo.
=650  \4$aCautivos.
=650  \4$aSoldados.
=655  \7$aChapbooks$zSpain.$2rbgenr
=662  \\$aSpain$dEl Puerto de Santa María$2lcsh-naf
=662  \\$aAlgeria$dAlgiers$2lcsh-naf
=740  02$aSegunda parte del cautivo del Puerto de Santa Maria.
=856  40$uhttp://cudl.lib.cam.ac.uk/view/PR-01074-G-00023-00061$yCambridge Digital Library
=859  \\$aXLD$bCambridge Digital Library
=CAT  \\$aWR14_159$b00$c20141016$lBLL01$h1655
=CAT  \\$aWR14_181$c20150323$lBLL01$h1402
=CAT  \\$aW1606-1753$c20171028$lBLL01$h1604
=SRC  \\$aBLWrongdoing
=LAS  \\$aW1606-1753$b00$c20171028$lBLL01$h1604

