=LDR  02131 am a2200517 a 4500
=001  016893320
=003  Uk
=005  20140530131107.0
=006  m\\\\||\\d\|\\\\\\
=007  cr\|||||||||||
=008  120803q17751859sp\a\\\\o\\\\\000\0\spa\\
=FMT  \\$a  BK
=040  \\$aUkCU$beng$cUkCU$dUk
=245  00$aDe Octavio Farnesio :$bdase cuenta del horroroso caso, que executó un caballero, natural de Florencia, con una cuñada suya, el qual despues de haberla gozado con engaño violentamente, le cortó con rigor la lengua y vengóla de este agravio un hermano suyo, cortandole al alevósocuñado [sic] las piernas, brazos y lengua : como lo verá el curioso lector.
=246  30$aDase cuenta del horroroso caso, que executó un caballero, natural de Florencia, con una cuñada suya
=260  \\$a[S.l. :$bs.n.,$cbetween 1775 and 1859]
=300  \\$a1 online resource
=336  \\$atext$2rdacontent
=337  \\$acomputer$2rdamedia
=338  \\$aonline resources$2rdacarrier
=500  \\$aText printed in two columns.
=500  \\$aIn verse.
=500  \\$aTwo separate illustrations at head of title.
=500  \\$aCaption title.
=500  \\$a"261."
=599  \\$aItem no. T63 in volume 1074.g.23.$5Uk
=533  \\$aElectronic Reproduction$bLondon$cBritish Library$d2012$nItem no. T63 in volume 1074.g.23.$5Uk
=650  \0$aWomen$xCrimes against.
=650  \0$aRape.
=650  \0$aAtrocities.
=650  \0$aRevenge.
=650  \4$aOctavio Farnesio (Fictitious character)
=650  \4$aMujeres$xDelitos contra las.
=650  \4$aViolación.
=650  \4$aAtrocidades.
=650  \4$aVenganza.
=653  \1$aOctavio Farnesio (Personaje ficticio)
=655  \7$aChapbooks$zSpain.$2rbgenr
=662  \\$aItaly$dFlorence$2lcsh-naf
=856  40$uhttp://cudl.lib.cam.ac.uk/view/PR-01074-G-00023-00063$yCambridge Digital Library
=859  \\$aXLD$bCambridge Digital Library
=CAT  \\$aWR14_159$b00$c20141016$lBLL01$h1655
=CAT  \\$aWR14_181$c20150323$lBLL01$h1402
=CAT  \\$aW1606-1753$c20171028$lBLL01$h1604
=SRC  \\$aBLWrongdoing
=LAS  \\$aW1606-1753$b00$c20171028$lBLL01$h1604

