=LDR  02047 am a2200445 a 4500
=001  016893323
=003  Uk
=005  20140526151916.0
=006  m\\\\||\\d\|\\\\\\
=007  cr\|||||||||||
=008  120803q17751859sp\a\\\\o\\\\\000\0\spa\\
=FMT  \\$a  BK
=040  \\$aUkCU$beng$cUkCU$dUk
=245  00$aPasmosa y dulce relacion que un amante poeta compuso en alabanza de las damas :$bpara que qualquier galán la represente en algun estrado, pintándolás como se merecen : primera parte.
=260  \\$a[S.l. :$bs.n.,$cbetween 1775 and 1859]
=300  \\$a1 online resource
=336  \\$atext$2rdacontent
=337  \\$acomputer$2rdamedia
=338  \\$aonline resources$2rdacarrier
=500  \\$aText printed in two columns; some text printed in three columns.
=500  \\$aIn verse.
=500  \\$aThree separate illustrations at head of title; second part with three additional illustrations at head of title.
=500  \\$aCaption title.
=500  \\$a"296."
=500  \\$aIn two parts. Part two has title: "Segunda parte, relacion burlesca y pestilente contra todas las mugeres : en donde se verá los desengaños, abestruces que son, y se les pone como ellas merecen. Compuesta por el doctor Zancajo, primo segundo de la burra de Balám."
=599  \\$aItem no. T66 in volume 1074.g.23.$5Uk
=533  \\$aElectronic Reproduction$bLondon$cBritish Library$d2012$nItem no. T66 in volume 1074.g.23.$5Uk
=650  \0$aMan-woman relationships.
=650  \0$aWomen.
=650  \4$aRelaciones hombre-mujer.
=650  \4$aMujeres.
=655  \7$aChapbooks$zSpain.$2rbgenr
=740  02$aSegunda parte, relación burlesca y pestilente contra todas las mugeres.
=856  40$uhttp://cudl.lib.cam.ac.uk/view/PR-01074-G-00023-00066$yCambridge Digital Library
=859  \\$aXLD$bCambridge Digital Library
=CAT  \\$aWR14_159$b00$c20141016$lBLL01$h1655
=CAT  \\$aWR14_181$c20150323$lBLL01$h1402
=CAT  \\$aW1606-1753$c20171028$lBLL01$h1604
=SRC  \\$aBLWrongdoing
=LAS  \\$aW1606-1753$b00$c20171028$lBLL01$h1604

