=LDR  01813 am a2200445 a 4500
=001  016893324
=003  Uk
=005  20140530130641.0
=006  m\\\\||\\d\|\\\\\\
=007  cr\|||||||||||
=008  120803q17751859sp\a\\\\o\\\\\000\0\spa\\
=FMT  \\$a  BK
=040  \\$aUkCU$beng$cUkCU$dUk
=100  1\$aGonzález, Tomás.
=245  10$aNueva relacion, curioso y espiritual romance, donde se refiere y declara á todo fiel christiano el mas divino atributo de Dios nuestro Señor :$bse explica en un misterioso y prodigioso enigma, como lo verá el curioso y discreto lector : De la Gracia /$ccompuesto por Tomás Gonzalez, natural de la ciudad de Segovia.
=246  30$aDe la Gracia
=260  \\$a[S.l. :$bs.n.,$cbetween 1775 and 1859]
=300  \\$a1 online resource
=336  \\$atext$2rdacontent
=337  \\$acomputer$2rdamedia
=338  \\$aonline resources$2rdacarrier
=500  \\$aText printed in two columns.
=500  \\$aIn verse.
=500  \\$aIllustration at head of title.
=500  \\$aCaption title.
=500  \\$a"302."
=599  \\$aItem no. T67 in volume 1074.g.23.$5Uk
=533  \\$aElectronic Reproduction$bLondon$cBritish Library$d2012$nItem no. T67 in volume 1074.g.23.$5Uk
=650  \0$aChristian literature, Spanish.
=650  \4$aLiteratura religiosa española.
=655  \7$aChapbooks$zSpain.$2rbgenr
=662  \\$aSpain$dSegovia$2lcsh-naf
=856  40$uhttp://cudl.lib.cam.ac.uk/view/PR-01074-G-00023-00067$yCambridge Digital Library
=859  \\$aXLD$bCambridge Digital Library
=CAT  \\$aWR14_159$b00$c20141016$lBLL01$h1655
=CAT  \\$aBATCH-UPD$b00$c20141016$lBLL01$h1715
=CAT  \\$aWR14_181$c20150323$lBLL01$h1402
=CAT  \\$aW1606-1753$c20171028$lBLL01$h1604
=SRC  \\$aBLWrongdoing
=LAS  \\$aW1606-1753$b00$c20171028$lBLL01$h1604

