=LDR  01816 am a2200457 a 4500
=001  016893325
=003  Uk
=005  20140530130138.0
=006  m\\\\||\\d\|\\\\\\
=007  cr\|||||||||||
=008  120803q17751859sp\a\\\\o\\\\\000\0\spa\\
=FMT  \\$a  BK
=040  \\$aUkCU$beng$cUkCU$dUk
=245  00$aRomance nuevo del mas arrogante arrojo nunca visto ni oído que hizo un contravandista de polvora llamado Juan Gea :$bdáse cuenta como despues de estar tres dias cercado dió fuego á la polvora y voló la casa y á muchos del cerco : con lo demás que verá el curioso lector.
=260  \\$a[S.l. :$bs.n.,$cbetween 1775 and 1859]
=300  \\$a1 online resource
=336  \\$atext$2rdacontent
=337  \\$acomputer$2rdamedia
=338  \\$aonline resources$2rdacarrier
=500  \\$aText printed in two columns.
=500  \\$aIn verse.
=500  \\$aIllustration at head of title.
=500  \\$aCaption title.
=500  \\$a"309."
=500  \\$aThe first 2 pages of the pliego appear in duplicate.$5Uk
=599  \\$aItem no. T68 in volume 1074.g.23.$5Uk
=533  \\$aElectronic Reproduction$bLondon$cBritish Library$d2012$nItem no. T68 in volume 1074.g.23.$5Uk
=650  \0$aJuan, Gea (Fictitious character)
=650  \0$aSmugglers.
=650  \4$aContrabandistas.
=650  \4$aPólvora.
=653  \1$aJuan, Gea (Personaje ficticio)
=655  \7$aChapbooks$zSpain.$2rbgenr
=662  \\$aSpain$dAdemuz$2lcsh-naf
=856  40$uhttp://cudl.lib.cam.ac.uk/view/PR-01074-G-00023-00068$yCambridge Digital Library
=859  \\$aXLD$bCambridge Digital Library
=CAT  \\$aWR14_159$b00$c20141016$lBLL01$h1655
=CAT  \\$aWR14_181$c20150323$lBLL01$h1402
=CAT  \\$aW1606-1753$c20171028$lBLL01$h1604
=SRC  \\$aBLWrongdoing
=LAS  \\$aW1606-1753$b00$c20171028$lBLL01$h1604

