=LDR  01916 am a2200517 a 4500
=001  016893326
=003  Uk
=005  20140530130624.0
=006  m\\\\||\\d\|\\\\\\
=007  cr\|||||||||||
=008  120803q17751859sp\a\\\\o\\\\\000\0\spa\\
=FMT  \\$a  BK
=040  \\$aUkCU$beng$cUkCU$dUk
=245  00$aNueva relacion donde se da cuenta y declara como una muger llamada Ana Contreras, inducida del demonio, dió muerte á su marido y á dos hijos, por los amores de su galan :$brefiérese como fueron descubiertos y ajusticiados en este presente año.
=260  \\$a[S.l. :$bs.n.,$cbetween 1775 and 1859]
=300  \\$a1 online resource
=336  \\$atext$2rdacontent
=337  \\$acomputer$2rdamedia
=338  \\$aonline resources$2rdacarrier
=500  \\$aText printed in two columns.
=500  \\$aIn verse.
=500  \\$aTwo separate illustrations at head of title.
=500  \\$aCaption title.
=500  \\$a"310."
=599  \\$aItem no. T69 in volume 1074.g.23.$5Uk
=533  \\$aElectronic Reproduction$bLondon$cBritish Library$d2012$nItem no. T69 in volume 1074.g.23.$5Uk
=650  \4$aAna Contreras (Fictitious character)
=650  \0$aWomen murderers.
=650  \0$aInfanticide.
=650  \0$aAdultery.
=650  \0$aCrimes of passion.
=650  \4$aAsesinas.
=650  \4$aInfanticidio.
=650  \4$aAdulterio.
=650  \4$aCrímenes de pasión.
=650  \4$aDemonio.
=653  \1$aAna Contreras (Personaje ficticio)
=655  \7$aChapbooks$zSpain.$2rbgenr
=662  \\$aSpain$dToledo$2lcsh-naf
=856  40$uhttp://cudl.lib.cam.ac.uk/view/PR-01074-G-00023-00069$yCambridge Digital Library
=859  \\$aXLD$bCambridge Digital Library
=CAT  \\$aWR14_159$b00$c20141016$lBLL01$h1655
=CAT  \\$aWR14_181$c20150323$lBLL01$h1402
=CAT  \\$aW1606-1753$c20171028$lBLL01$h1604
=SRC  \\$aBLWrongdoing
=LAS  \\$aW1606-1753$b00$c20171028$lBLL01$h1604

