=LDR  02124 am a2200493 a 4500
=001  016893330
=003  Uk
=005  20130211102011.0
=006  m\\\\||\\d\|\\\\\\
=007  cr\|||||||||||
=008  120810q17751859sp\a\\\\o\\\\\000\0\spa\\
=FMT  \\$a  BK
=040  \\$aUkCU$beng$cUkCU$dUk
=245  00$aAdmirable historia de D. Carlos y Lucinda, naturales de Valencia, y como á un hijo que tubieron llamado Julian le habló un ciervo saliendo á caza :$bdeclarase lo que le dixo y lo que despues le sucediò à Julian.
=260  \\$a[S.l. :$bs.n.,$cbetween 1775 and 1859]
=300  \\$a1 online resource
=336  \\$atext$2rdacontent
=337  \\$acomputer$2rdamedia
=338  \\$aonline resources$2rdacarrier
=500  \\$aText printed in two columns.
=500  \\$aIn verse.
=500  \\$aIllustration at head of title; second part with additional illustration at head of title.
=500  \\$aCaption title.
=500  \\$a"329."
=500  \\$aIn two parts. Part two has title: "Don Carlos y Lucinda, refierese como fueron muertos a manos de su hijo Julian, sin conocerlos, saliendo cierto el pronostico del ciervo : y como se retiró con su esposa à hacer penitencia : segunda parte."
=599  \\$aItem no. T73 in volume 1074.g.23.$5Uk
=533  \\$aElectronic Reproduction$bLondon$cBritish Library$d2012$nItem no. T73 in volume 1074.g.23.$5Uk
=650  \0$aAtrocities.
=650  \0$aParricide.
=650  \0$aForecasting.
=650  \4$aAtrocidades.
=650  \4$aParricidio.
=650  \4$aPronóstico.
=650  \4$aCiervos.
=655  \7$aChapbooks$zSpain.$2rbgenr
=662  \\$aSpain$dValencia$2lcsh-naf
=740  02$aDon Carlos y Lucinda, refierese como fueron muertos a manos de su hijo Julian, sin conocerlos.
=856  40$uhttp://cudl.lib.cam.ac.uk/view/PR-01074-G-00023-00073$yCambridge Digital Library
=859  \\$aXLD$bCambridge Digital Library
=CAT  \\$aWR14_159$b00$c20141016$lBLL01$h1655
=CAT  \\$aWR14_181$c20150323$lBLL01$h1402
=CAT  \\$aW1606-1753$c20171028$lBLL01$h1604
=SRC  \\$aBLWrongdoing
=LAS  \\$aW1606-1753$b00$c20171028$lBLL01$h1604

