=LDR  02624 am a2200673 a 4500
=001  016893331
=003  Uk
=005  20140307155048.0
=006  m\\\\||\\d\|\\\\\\
=007  cr\|||||||||||
=008  120810q17751859sp\a\\\\o\\\\\000\0\spa\\
=FMT  \\$a  BK
=040  \\$aUkCU$beng$cUkCU$dUk
=245  00$aCurioso romance nuevo, en que se refiere y da cuenta de veinte muertes que hizo una doncella llamada Doña Teresa de Llanos, natural de la ciudad de Valencia, siendo las primeras dos hermanos suyos, por estorvarla el casarse :$by como se vistió de hombre , y fué presa y sentenciada à muerte, y se libró por descubrir que era muger y el dichoso fin que tuvo : Doña Teresa de Llanos.
=246  3\$aDoña Teresa de Llanos
=260  \\$a[S.l. :$bs.n.,$cbetween 1775 and 1859]
=300  \\$a1 online resource
=336  \\$atext$2rdacontent
=337  \\$acomputer$2rdamedia
=338  \\$aonline resources$2rdacarrier
=500  \\$aText printed in two columns.
=500  \\$aIn verse.
=500  \\$aTwo separate illustrations at head of title.
=500  \\$aCaption title.
=500  \\$a"344."
=599  \\$aItem no. T74 in volume 1074.g.23.$5Uk
=533  \\$aElectronic Reproduction$bLondon$cBritish Library$d2012$nItem no. T74 in volume 1074.g.23.$5Uk
=650  \4$aTeresa de los Llanos (Fictitious character)
=650  \0$aWomen murderers.
=650  \0$aRevenge.
=650  \0$aFratricide.
=650  \0$aIdentity theft.
=650  \4$aVenganza.
=650  \4$aFratricidio.
=650  \4$aAsesinas.
=653  \0$aFalsificación de identidad.
=653  \1$aTeresa de los Llanos (Personaje ficticio)
=655  \7$aChapbooks$zSpain.$2rbgenr
=662  \\$aSpain$dSagunto$2lcsh-naf
=662  \\$aSpain$dAlicante$2lcsh-naf
=662  \\$aSpain$dZaragoza$2lcsh-naf
=662  \\$aSpain$dBarcelona$2lcsh-naf
=662  \\$aItaly$dMilan$2lcsh-naf
=662  \\$aItaly$dGenoa$2lcsh-naf
=662  \\$aFrance$dMarseille$2lcsh-naf
=662  \\$aSpain$dMálaga$2lcsh-naf
=662  \\$aGibraltar$2lcsh-naf
=662  \\$aSpain$dCádiz$2lcsh-naf
=662  \\$aSpain$gSierra Morena$2lcsh-naf
=662  \\$aSpain$dJaén$2lcsh-naf
=662  \\$aSpain$dAndújar$2lcsh-naf
=662  \\$aSpain$dAlmagro$2lcsh-naf
=856  40$uhttp://cudl.lib.cam.ac.uk/view/PR-01074-G-00023-00074$yCambridge Digital Library
=859  \\$aXLD$bCambridge Digital Library
=CAT  \\$aWR14_159$b00$c20141016$lBLL01$h1655
=CAT  \\$aWR14_181$c20150323$lBLL01$h1402
=CAT  \\$aW1606-1753$c20171028$lBLL01$h1604
=SRC  \\$aBLWrongdoing
=LAS  \\$aW1606-1753$b00$c20171028$lBLL01$h1604

