=LDR  01905 am a2200469 a 4500
=001  016893332
=003  Uk
=005  20140530130224.0
=006  m\\\\||\\d\|\\\\\\
=007  cr\|||||||||||
=008  120810q17751859sp\a\\\\o\\\\\000\0\spa\\
=FMT  \\$a  BK
=040  \\$aUkCU$beng$cUkCU$dUk
=245  00$aRelacion verdadera en que se refieren los hechos, muertes, robos y atrocidades de Barrachina, llamado Manuel Millan, el Pelado de Aragon :$bdáse cuenta de ciento y veinte muertes que hizo, el exemplar castigo que el Excelentísimo Señor Príncipe de Cariate, virey de aquel reyno, mandó hacer en su persona : se refiere como lo ahorcaron en 16 de mayo de este presente año.
=260  \\$a[S.l. :$bs.n.,$cbetween 1775 and 1859]
=300  \\$a1 online resource
=336  \\$atext$2rdacontent
=337  \\$acomputer$2rdamedia
=338  \\$aonline resources$2rdacarrier
=500  \\$aText printed in two columns.
=500  \\$aIn verse.
=500  \\$aTwo separate illustrations at head of title.
=500  \\$aCaption title.
=500  \\$a"341."
=599  \\$aItem no. T75 in volume 1074.g.23.$5Uk
=533  \\$aElectronic Reproduction$bLondon$cBritish Library$d2012$nItem no. T75 in volume 1074.g.23.$5Uk
=650  \0$aManuel Millan (Fictitious character)
=650  \0$aBrigands and robbers.
=650  \0$aMurderers.
=650  \0$aPunishment.
=650  \4$aBandoleros.
=650  \4$aAsesinos.
=650  \4$aPenas.
=653  \1$aManuel Millan (Personaje ficticio)
=655  \7$aChapbooks$zSpain.$2rbgenr
=856  40$uhttp://cudl.lib.cam.ac.uk/view/PR-01074-G-00023-00075$yCambridge Digital Library
=859  \\$aXLD$bCambridge Digital Library
=CAT  \\$aWR14_159$b00$c20141016$lBLL01$h1655
=CAT  \\$aWR14_181$c20150323$lBLL01$h1402
=CAT  \\$aW1606-1753$c20171028$lBLL01$h1604
=SRC  \\$aBLWrongdoing
=LAS  \\$aW1606-1753$b00$c20171028$lBLL01$h1604

