=LDR  02275 am a2200517 a 4500
=001  016893333
=003  Uk
=005  20140530131218.0
=006  m\\\\||\\d\|\\\\\\
=007  cr\|||||||||||
=008  120810q17751859sp\a\\\\o\\\\\000\0\spa\\
=FMT  \\$a  BK
=040  \\$aUkCU$beng$cUkCU$dUk
=245  00$aCurioso y nuevo romance en que se refieren los amores de Don Luis de Tejada y Doña Isabel de la Paz, naturales de la ciudad de Barcelona :$bdase cuenta de como tuvieron una hija y de como fueron cautivos y renegaron, y se casaron padre é hija : y de como pasaron á Roma, á que los absolviese el Padre Santo : refierese como se fueron á un desierto, donde murieron en opinion de Santos : D. Luis de Tejada y Doña Isabel de la Paz.
=246  3\$aD. Luis de Tejada y Doña Isabel de la Paz
=260  \\$a[S.l. :$bs.n.,$cbetween 1775 and 1859]
=300  \\$a1 online resource
=336  \\$atext$2rdacontent
=337  \\$acomputer$2rdamedia
=338  \\$aonline resources$2rdacarrier
=500  \\$aText printed in two columns.
=500  \\$aIn verse.
=500  \\$aTwo separate illustrations at head of title.
=500  \\$aCaption title.
=500  \\$a"349?"
=599  \\$aItem no. T76 in volume 1074.g.23.$5Uk
=533  \\$aElectronic Reproduction$bLondon$cBritish Library$d2012$nItem no. T76 in volume 1074.g.23.$5Uk
=650  \0$aChristianity and other religions$xIslam.
=650  \0$aIslam$xRelations$xChristianity.
=650  \0$aIncest.
=650  \4$aLuis de Tejada (Fictitious character)
=650  \4$aIsabel de la Paz (Fictitious character)
=650  \4$aCristianismo y otras religiones$xIslamismo.
=650  \4$aIslamismo$xRelaciones$xCristianismo.
=650  \4$aIncesto.
=653  \1$aLuis de Tejada (Personaje ficticio)
=653  \1$aIsabel de la Paz (Personaje ficticio)
=655  \7$aChapbooks$zSpain.$2rbgenr
=662  \\$aSpain$dBarcelona$2lcsh-naf
=856  40$uhttp://cudl.lib.cam.ac.uk/view/PR-01074-G-00023-00076$yCambridge Digital Library
=859  \\$aXLD$bCambridge Digital Library
=CAT  \\$aWR14_159$b00$c20141016$lBLL01$h1655
=CAT  \\$aWR14_181$c20150323$lBLL01$h1402
=CAT  \\$aW1606-1753$c20171028$lBLL01$h1604
=SRC  \\$aBLWrongdoing
=LAS  \\$aW1606-1753$b00$c20171028$lBLL01$h1604

