=LDR  01600 am a2200421 a 4500
=001  016893335
=003  Uk
=005  20140530130906.0
=006  m\\\\||\\d\|\\\\\\
=007  cr\|||||||||||
=008  120810q17751859sp\a\\\\o\\\\\000\0\spa\\
=FMT  \\$a  BK
=040  \\$aUkCU$beng$cUkCU$dUk
=245  00$aDoña Maria Teresa y Don Juan de Peñaranda :$bDeclaranse en un curioso romance los amores y sucesos de estos dos amantes y la lastimosa tragedia que sucedió á D. Juan.
=260  \\$a[S.l. :$bs.n.,$cbetween 1775 and 1859]
=300  \\$a1 online resource
=336  \\$atext$2rdacontent
=337  \\$acomputer$2rdamedia
=338  \\$aonline resources$2rdacarrier
=500  \\$aText printed in two columns.
=500  \\$aIn verse.
=500  \\$aThree separate illustrations at head of title.
=500  \\$aCaption title.
=500  \\$a"353."
=599  \\$aItem no. T78 in volume 1074.g.23.$5Uk
=533  \\$aElectronic Reproduction$bLondon$cBritish Library$d2012$nItem no. T78 in volume 1074.g.23.$5Uk
=650  \0$aCourtship.
=650  \4$aJuan de Peñaranda (Fictitious character)
=650  \4$aCortejo amoroso.
=653  \1$aJuan de Peñaranda (Personaje ficticio)
=655  \7$aChapbooks$zSpain.$2rbgenr
=856  40$uhttp://cudl.lib.cam.ac.uk/view/PR-01074-G-00023-00078$yCambridge Digital Library
=859  \\$aXLD$bCambridge Digital Library
=CAT  \\$aWR14_159$b00$c20141016$lBLL01$h1655
=CAT  \\$aWR14_181$c20150323$lBLL01$h1402
=CAT  \\$aW1606-1753$c20171028$lBLL01$h1604
=SRC  \\$aBLWrongdoing
=LAS  \\$aW1606-1753$b00$c20171028$lBLL01$h1604

