=LDR  02000 am a2200445 a 4500
=001  016893336
=003  Uk
=005  20140530130759.0
=006  m\\\\||\\d\|\\\\\\
=007  cr\|||||||||||
=008  120810q17751859sp\a\\\\o\\\\\000\0\spa\\
=FMT  \\$a  BK
=040  \\$aUkCU$beng$cUkCU$dUk
=245  00$aGracioso y curioso romance en que se declara la valentía, guapeza, viveza y soberbia de un toro gallego, que pasta en los campos de Norbenda, jusrisdiccion del reyno de Galicia :$bDáse cuenta de el destrozo que hizo con un capador, que acaso pasaba por allí capando bestias, como ustedes lo oirán, y los infortunios y aventuras que este pobre francés ha pasado de resultas de ir á caparlo, con [...]as curiosidades que verá el curioso en este caso, sucedido frescamente en el presente año de 1794.
=260  \\$a[S.l. :$bs.n.,$cbetween 1775 and 1859]
=300  \\$a1 online resource
=336  \\$atext$2rdacontent
=337  \\$acomputer$2rdamedia
=338  \\$aonline resources$2rdacarrier
=500  \\$aText printed in two columns.
=500  \\$aIn verse.
=500  \\$aIllustration at head of title; second part with additional illustration at head of title.
=500  \\$aCaption title.
=500  \\$a"361."
=500  \\$aIn two parts.
=599  \\$aItem no. T79 in volume 1074.g.23.$5Uk
=533  \\$aElectronic Reproduction$bLondon$cBritish Library$d2012$nItem no. T79 in volume 1074.g.23.$5Uk
=650  \0$aCastration.
=650  \0$aBulls.
=650  \4$aAnimales$xCastración.
=650  \4$aToros.
=655  \7$aChapbooks$zSpain.$2rbgenr
=662  \\$aSpain$dGalicia (Region)$2lcsh-naf
=856  40$uhttp://cudl.lib.cam.ac.uk/view/PR-01074-G-00023-00079$yCambridge Digital Library
=859  \\$aXLD$bCambridge Digital Library
=CAT  \\$aWR14_159$b00$c20141016$lBLL01$h1655
=CAT  \\$aWR14_181$c20150323$lBLL01$h1402
=CAT  \\$aW1606-1753$c20171028$lBLL01$h1604
=SRC  \\$aBLWrongdoing
=LAS  \\$aW1606-1753$b00$c20171028$lBLL01$h1604

