=LDR  01991 am a2200505 a 4500
=001  016893338
=003  Uk
=005  20130830145241.0
=006  m\\\\||\\d\|\\\\\\
=007  cr\|||||||||||
=008  120810s1777\\\\sp\a\\\\o\\\\\000\0\spa\\
=FMT  \\$a  BK
=040  \\$aUkCU$beng$cUkCU$dUk
=100  1\$aMorales, Alonso de,$dactive 18th century.
=245  10$aRomance que intitula La cautiva de Sevilla :$bprimera parte /$ccompuesto por Alonso Morales.
=246  30$aCautiva de Sevilla
=260  \\$a[S.l. :$bs.n.],$cAño de 1777.
=300  \\$a1 online resource
=336  \\$atext$2rdacontent
=337  \\$acomputer$2rdamedia
=338  \\$aonline resources$2rdacarrier
=500  \\$aText printed in two columns.
=500  \\$aIn verse.
=500  \\$aThree separate illustrations at head of title; second part with three additional illustrations at head of title.
=500  \\$aCaption title.
=500  \\$a"387."
=500  \\$aIn two parts. Part two has title: "Segunda parte de la cautiva de Sevilla, compuesta por Alonso Morales."
=599  \\$aItem no. T81 in volume 1074.g.23.$5Uk
=533  \\$aElectronic Reproduction$bLondon$cBritish Library$d2012$nItem no. T81 in volume 1074.g.23.$5Uk
=650  \0$aChristianity and other religions$xIslam.
=650  \0$aIslam$xRelations$xChristianity.
=650  \4$aCristianismo y otras religiones$xIslamismo.
=650  \4$aIslamismo$xRelaciones$xCristianismo.
=650  \4$aCautivos.
=655  \7$aChapbooks$zSpain.$2rbgenr
=662  \\$aAlgeria$2lcsh-naf
=662  \\$aSpain$dSeville$2lcsh-naf
=740  02$aSegunda parte de la cautiva de Sevilla.
=856  40$uhttp://cudl.lib.cam.ac.uk/view/PR-01074-G-00023-00081$yCambridge Digital Library
=859  \\$aXLD$bCambridge Digital Library
=CAT  \\$aWR14_159$b00$c20141016$lBLL01$h1655
=CAT  \\$aWR14_181$c20150323$lBLL01$h1402
=CAT  \\$aW1606-1753$c20171028$lBLL01$h1604
=SRC  \\$aBLWrongdoing
=LAS  \\$aW1606-1753$b00$c20171028$lBLL01$h1604

