=LDR  01688 am a2200433 a 4500
=001  016893340
=003  Uk
=005  20140524114554.0
=006  m\\\\||\\d\|\\\\\\
=007  cr\|||||||||||
=008  120810q17751859sp\a\\\\o\\\\\000\0\spa\\
=FMT  \\$a  BK
=040  \\$aUkCU$beng$cUkCU$dUk
=245  00$aCurioso romance en que se declara como tres famosos montañeses naturales del Valle de Vuelna mataron diez y siete ladrones y contrabandistas en la gran Sierra Morena que querian robarlos :$bcon otras muchas particularidades : sucedió en el mes de octubre de 1797.
=260  \\$a[S.l. :$bs.n.,$cbetween 1775 and 1859]
=300  \\$a1 online resource
=336  \\$atext$2rdacontent
=337  \\$acomputer$2rdamedia
=338  \\$aonline resources$2rdacarrier
=500  \\$aText printed in two columns.
=500  \\$aIn verse.
=500  \\$aTwo separate illustrations at head of title.
=500  \\$aCaption title.
=500  \\$a"402."
=599  \\$aItem no. T83 in volume 1074.g.23.$5Uk
=533  \\$aElectronic Reproduction$bLondon$cBritish Library$d2012$nItem no. T83 in volume 1074.g.23.$5Uk
=650  \0$aBrigands and robbers.
=650  \0$aMountaineers.
=650  \4$aBandoleros.
=650  \4$aMontañeros.
=655  \7$aChapbooks$zSpain.$2rbgenr
=662  \\$aSpain$gSierra Morena$2lcsh-naf
=856  40$uhttp://cudl.lib.cam.ac.uk/view/PR-01074-G-00023-00083$yCambridge Digital Library
=859  \\$aXLD$bCambridge Digital Library
=CAT  \\$aWR14_159$b00$c20141016$lBLL01$h1655
=CAT  \\$aWR14_181$c20150323$lBLL01$h1402
=CAT  \\$aW1606-1753$c20171028$lBLL01$h1604
=SRC  \\$aBLWrongdoing
=LAS  \\$aW1606-1753$b00$c20171028$lBLL01$h1604

