=LDR  01463 am a2200421 a 4500
=001  016893343
=003  Uk
=005  20140530130346.0
=006  m\\\\||\\d\|\\\\\\
=007  cr\|||||||||||
=008  120814q17751859sp\\\\\\o\\\\\000\0\spa\\
=FMT  \\$a  BK
=040  \\$aUkCU$beng$cUkCU$dUk
=100  1\$aCubillo de Aragón, Álvaro,$d1590-1661.
=245  10$aRelacion de la comedia :$bEl justo Lot /$cde Don Alvaro Cubillo.
=246  30$aJusto Lot
=260  \\$a[S.l. :$bs.n.,$cbetween 1775 and 1859]
=300  \\$a1 online resource
=336  \\$atext$2rdacontent
=337  \\$acomputer$2rdamedia
=338  \\$aonline resources$2rdacarrier
=500  \\$aText printed in two columns.
=500  \\$aIn verse.
=500  \\$aCaption title.
=500  \\$a"476."
=599  \\$aItem no. T86 in volume 1074.g.23.$5Uk
=533  \\$aElectronic Reproduction$bLondon$cBritish Library$d2012$nItem no. T86 in volume 1074.g.23.$5Uk
=650  \0$aSpanish drama (Comedy)
=650  \4$aComedia española.
=655  \7$aChapbooks$zSpain.$2rbgenr
=856  40$uhttp://cudl.lib.cam.ac.uk/view/PR-01074-G-00023-00086$yCambridge Digital Library
=859  \\$aXLD$bCambridge Digital Library
=CAT  \\$aWR14_159$b00$c20141016$lBLL01$h1655
=CAT  \\$aWR14_181$c20150323$lBLL01$h1402
=CAT  \\$aW1606-1753$c20171028$lBLL01$h1604
=CAT  \\$aBATCH-UPD$b00$c20210919$lBLL01$h2105
=SRC  \\$aBLWrongdoing
=LAS  \\$aBATCH-UPD$b00$c20210919$lBLL01$h2105

