=LDR  01833 am a2200529 a 4500
=001  016893346
=003  Uk
=005  20140530130457.0
=006  m\\\\||\\d\|\\\\\\
=007  cr\|||||||||||
=008  120814q17751859sp\a\\\\o\\\\\000\0\spa\\
=FMT  \\$a  BK
=040  \\$aUkCU$beng$cUkCU$dUk
=245  00$aPrimera parte De las relaciones de las princesas encantadas y deslealtad de hermanos.
=246  30$aDe las relaciones de las princesas encantadas y deslealtad de hermanos
=260  \\$a[S.l. :$bs.n.,$cbetween 1775 and 1859]
=300  \\$a1 online resource
=336  \\$atext$2rdacontent
=337  \\$acomputer$2rdamedia
=338  \\$aonline resources$2rdacarrier
=500  \\$aText printed in two columns.
=500  \\$aIn verse.
=500  \\$aThree separate illustrations at head of title.
=500  \\$aCaption title.
=500  \\$a"P. Nùm. 14."
=500  \\$aIn three parts?
=599  \\$aItem no. T89 in volume 1074.g.23.$5Uk
=599  \\$aLibrary copy has p. 5-8 missing.$5UkCU
=533  \\$aElectronic Reproduction$bLondon$cBritish Library$d2012$nItem no. T89 in volume 1074.g.23.$nLibrary copy has p. 5-8 missing.$5Uk
=650  \0$aIncantations.
=650  \0$aBetrayal.
=650  \4$aEncantamientos.
=650  \4$aTraición.
=650  \4$aPrincesas.
=650  \4$aHermanos.
=650  \4$aCastillos.
=650  \4$aCaballos.
=650  \4$aTorneos.
=655  \7$aChapbooks$zSpain.$2rbgenr
=662  \\$aDenmark$2lcsh-naf
=856  40$uhttp://cudl.lib.cam.ac.uk/view/PR-01074-G-00023-00089$yCambridge Digital Library
=859  \\$aXLD$bCambridge Digital Library
=CAT  \\$aWR14_159$b00$c20141016$lBLL01$h1655
=CAT  \\$aWR14_181$c20150323$lBLL01$h1402
=CAT  \\$aW1606-1753$c20171028$lBLL01$h1604
=SRC  \\$aBLWrongdoing
=LAS  \\$aW1606-1753$b00$c20171028$lBLL01$h1604

