=LDR  01720 am a2200469 a 4500
=001  016893347
=003  Uk
=005  20140530130539.0
=006  m\\\\||\\d\|\\\\\\
=007  cr\|||||||||||
=008  120814q17751859sp\a\\\\o\\\\\000\0\spa\\
=FMT  \\$a  BK
=040  \\$aUkCU$beng$cUkCU$dUk
=245  00$aNuevo y curioso romance de los arrojos, muertes y valentias de Don Pedro Salinas, natural de la ciudad de Jaen.
=260  \\$a[S.l. :$bs.n.,$cbetween 1775 and 1859]
=300  \\$a1 online resource
=336  \\$atext$2rdacontent
=337  \\$acomputer$2rdamedia
=338  \\$aonline resources$2rdacarrier
=500  \\$aText printed in two columns.
=500  \\$aIn verse.
=500  \\$aThree separate illustrations at head of title.
=500  \\$aCaption title.
=500  \\$a"P. Núm. 7."
=599  \\$aItem no. T90 in volume 1074.g.23.$5Uk
=533  \\$aElectronic Reproduction$bLondon$cBritish Library$d2012$nItem no. T90 in volume 1074.g.23.$5Uk
=650  \4$aPedro Salinas (Fictitious character)
=653  \1$aPedro Salinas (Personaje ficticio)
=655  \7$aChapbooks$zSpain. {dollar}2 rbgenr
=662  \\$aSpain$bJaén$2lcsh-naf
=662  \\$aSpain$bSeville$2lcsh-naf
=662  \\$aSpain$bGranada$2lcsh-naf
=662  \\$aSpain$bMálaga$2lcsh-naf
=662  \\$aSpain$bCeuta$2lcsh-naf
=655  \7$aChapbooks$zSpain.$2rbgenr
=856  40$uhttp://cudl.lib.cam.ac.uk/view/PR-01074-G-00023-00090$yCambridge Digital Library
=859  \\$aXLD$bCambridge Digital Library
=CAT  \\$aWR14_159$b00$c20141016$lBLL01$h1655
=CAT  \\$aWR14_181$c20150323$lBLL01$h1402
=CAT  \\$aW1606-1753$c20171028$lBLL01$h1604
=SRC  \\$aBLWrongdoing
=LAS  \\$aW1606-1753$b00$c20171028$lBLL01$h1604

