=LDR  02107 am a2200505 a 4500
=001  016893358
=003  Uk
=005  20130211101928.0
=006  m\\\\||\\d\|\\\\\\
=007  cr\|||||||||||
=008  120816q17751859sp\a\\\\o\\\\\000\0\spa\\
=FMT  \\$a  BK
=040  \\$aUkCU$beng$cUkCU$dUk
=245  00$aAgravios y desagravios de la reyna sultana :$bRelacion que da cuenta como siendo falsamente acusada y sentenciada á muerte por un falso testimonio que le levantaron quatro caballeros moros, quatro caballeros cristianos la defendieron y libraron de la muerte : y como al fin se hizo cristiana.
=246  30$aRelacion que da cuenta como siendo falsamente acusada y sentenciada á muerte por un falso testimonio que le levantaron quatro caballeros moros
=260  \\$a[S.l. :$bs.n.,$cbetween 1775 and 1859]
=300  \\$a1 online resource
=336  \\$atext$2rdacontent
=337  \\$acomputer$2rdamedia
=338  \\$aonline resources$2rdacarrier
=500  \\$aText printed in two columns.
=500  \\$aIn verse.
=500  \\$aIllustration at head of title.
=500  \\$aCaption title.
=500  \\$a"Núm. 88."
=500  \\$aIn three parts.
=599  \\$aItem no. T101 in volume 1074.g.23.$5Uk
=533  \\$aElectronic Reproduction$bLondon$cBritish Library$d2012$nItem no. T101 in volume 1074.g.23.$5Uk
=650  \0$aChristianity and other religions$xIslam.
=650  \0$aIslam$xRelations$xChristianity.
=650  \0$aCapital punishment.
=650  \0$aMurder.
=650  \4$aCristianismo y otras religiones$xIslamismo.
=650  \4$aIslamismo$xRelaciones$xCristianismo.
=650  \4$aPena de muerte.
=650  \4$aAsesinato.
=655  \7$aChapbooks$zSpain.$2rbgenr
=662  \\$aSpain$dGranada$2lcsh-naf
=856  40$uhttp://cudl.lib.cam.ac.uk/view/PR-01074-G-00023-00101$yCambridge Digital Library
=859  \\$aXLD$bCambridge Digital Library
=CAT  \\$aWR14_159$b00$c20141016$lBLL01$h1655
=CAT  \\$aWR14_181$c20150323$lBLL01$h1402
=CAT  \\$aW1606-1753$c20171028$lBLL01$h1604
=SRC  \\$aBLWrongdoing
=LAS  \\$aW1606-1753$b00$c20171028$lBLL01$h1604

