=LDR  01815 am a2200409 a 4500
=001  016893364
=003  Uk
=005  20131120152653.0
=006  m\\\\||\\d\|\\\\\\
=007  cr\|||||||||||
=008  120816q17751859sp\a\\\\o\\\\\000\0\spa\\
=FMT  \\$a  BK
=040  \\$aUkCU$beng$cUkCU$dUk
=245  03$aLa santisima Cruz de Carabaca :$bque se venera en la villa de Carabaca, y depositó en ella la divina misericordia de Dios por ministerio de sus angeles, para prueba y exaltacion de nuestra santa Fé Católica, amparo y consuelo de los fieles contra las astucias y asechanzas del infierno, tempestades, inundaciones, incendios y todo género de peligros, asi espirituales como temporales.
=260  \\$a[S.l. :$bs.n.,$cbetween 1775 and 1859]
=300  \\$a1 online resource
=336  \\$atext$2rdacontent
=337  \\$acomputer$2rdamedia
=338  \\$aonline resources$2rdacarrier
=500  \\$aText printed in two columns.
=500  \\$aIn verse.
=500  \\$aIllustration at head of title.
=500  \\$aCaption title.
=500  \\$a"Coplas a la Santa Cruz de Carabaca": p. [2].
=599  \\$aItem no. T108 in volume 1074.g.23.$5Uk
=533  \\$aElectronic Reproduction$bLondon$cBritish Library$d2012$nItem no. T108 in volume 1074.g.23.$5Uk
=650  \0$aChristian literature, Spanish.
=650  \4$aLiteratura religiosa española.
=655  \7$aChapbooks$zSpain.$2rbgenr
=740  02$aCoplas a la Santa Cruz de Carabaca.
=856  40$uhttp://cudl.lib.cam.ac.uk/view/PR-01074-G-00023-00108$yCambridge Digital Library
=859  \\$aXLD$bCambridge Digital Library
=CAT  \\$aWR14_159$b00$c20141016$lBLL01$h1655
=CAT  \\$aWR14_181$c20150323$lBLL01$h1402
=CAT  \\$aW1606-1753$c20171028$lBLL01$h1604
=SRC  \\$aBLWrongdoing
=LAS  \\$aW1606-1753$b00$c20171028$lBLL01$h1604

