=LDR  01991 am a2200469 a 4500
=001  016893367
=003  Uk
=005  20140530130741.0
=006  m\\\\||\\d\|\\\\\\
=007  cr\|||||||||||
=008  120816q17751859sp\a\\\\o\\\\\000\0\spa\\
=FMT  \\$a  BK
=040  \\$aUkCU$beng$cUkCU$dUk
=245  00$aGuerra entre Austria y el Piamonte :$bRelacion de la entrada de los austriacos en el mencionado reino, levantamiento de los ducados de Parma y Toscana, desembarco de tropas francesas en el Piamonte, proclama de S. M. Victor Manuel á su pueblo y ejército : gran derrota que acaban de sufrir los austriacos.
=246  3\$aRelacion de la entrada de los austriacos en el mencionado reino, levantamiento de los ducados de Parma y Toscana
=260  \\$a[S.l. :$bs.n.,$cbetween 1775 and 1859]
=300  \\$a1 online resource
=336  \\$atext$2rdacontent
=337  \\$acomputer$2rdamedia
=338  \\$aonline resources$2rdacarrier
=500  \\$aText printed in two columns.
=500  \\$aIn verse.
=500  \\$aIllustration at head of title.
=500  \\$aCaption title.
=599  \\$aItem no. T111 in volume 1074.g.23.$5Uk
=533  \\$aElectronic Reproduction$bLondon$cBritish Library$d2012$nItem no. T111 in volume 1074.g.23.$5Uk
=600  00$aVictor Emmanuel$bII,$cKing of Italy,$d1820-1878.
=650  \0$aBattles.
=651  \0$aItaly$xHistory$y1815-1870.
=650  \4$aBatallas.
=651  \4$aItalia$xHistoria$y1815-1870.
=653  \1$aVictor Manuel II, Rey de Italia, 1820-1878.
=655  \7$aChapbooks$zSpain.$2rbgenr
=662  \\$aAustria$2lcsh-naf
=662  \\$aItaly$dPiedmont$2lcsh-naf
=856  40$uhttp://cudl.lib.cam.ac.uk/view/PR-01074-G-00023-00111$yCambridge Digital Library
=859  \\$aXLD$bCambridge Digital Library
=CAT  \\$aWR14_159$b00$c20141016$lBLL01$h1655
=CAT  \\$aWR14_181$c20150323$lBLL01$h1402
=CAT  \\$aW1606-1753$c20171028$lBLL01$h1604
=SRC  \\$aBLWrongdoing
=LAS  \\$aW1606-1753$b00$c20171028$lBLL01$h1604

