=LDR  01818 am a2200421 a 4500
=001  016893369
=003  Uk
=005  20140530130502.0
=006  m\\\\||\\d\|\\\\\\
=007  cr\|||||||||||
=008  120816q17751859sp\a\\\\o\\\\\000\0\spa\\
=FMT  \\$a  BK
=040  \\$aUkCU$beng$cUkCU$dUk
=245  00$aOracion que dio un angel vestido de peregrino en el convento de Ntra. Sra. de la Peña de Crinta de la órden de S. Gerónimo, por las centellas que caian en él, matando tantos religiosos, que estuvieron resueltos á desamparar el convento :$by desde que se puso en el campanario no han caido mas centellas.
=260  \\$a[S.l. :$bs.n.,$cbetween 1775 and 1859]
=300  \\$a1 online resource
=336  \\$atext$2rdacontent
=337  \\$acomputer$2rdamedia
=338  \\$aonline resources$2rdacarrier
=500  \\$aText printed in two columns.
=500  \\$aIn verse.
=500  \\$aIllustration at head of title.
=500  \\$aCaption title.
=500  \\$a"No. 99."
=500  \\$a"Oracion a Santa Barbara virgen y martir, especial protectora contra rayos y centellas": p. [2].
=599  \\$aItem no. T113 in volume 1074.g.23.$5Uk
=533  \\$aElectronic Reproduction$bLondon$cBritish Library$d2012$nItem no. T113 in volume 1074.g.23.$5Uk
=650  \0$aChristian literature, Spanish.
=650  \4$aLiteratura religiosa española.
=655  \7$aChapbooks$zSpain.$2rbgenr
=740  02$aOracion a Santa Barbara virgen y martir.
=856  40$uhttp://cudl.lib.cam.ac.uk/view/PR-01074-G-00023-00113$yCambridge Digital Library
=859  \\$aXLD$bCambridge Digital Library
=CAT  \\$aWR14_159$b00$c20141016$lBLL01$h1655
=CAT  \\$aWR14_181$c20150323$lBLL01$h1402
=CAT  \\$aW1606-1753$c20171028$lBLL01$h1604
=SRC  \\$aBLWrongdoing
=LAS  \\$aW1606-1753$b00$c20171028$lBLL01$h1604

