=LDR  02007 am a2200457 a 4500
=001  016893370
=003  Uk
=005  20140530130932.0
=006  m\\\\||\\d\|\\\\\\
=007  cr\|||||||||||
=008  120816q17751859sp\a\\\\o\\\\\000\0\spa\\
=FMT  \\$a  BK
=040  \\$aUkCU$beng$cUkCU$dUk
=245  00$aDon Juan de Lara :$bRomance nuevo en el que se da cuenta de los prodigiosos milagros que en la ciudad de Lisboa ha obrado nuestro padre San Antonio de Padua, con un caballero y su esposa Doña Laura, devotos suyos : con todo lo demas que verá el curioso lector : primera parte.
=246  3\$aRomance nuevo en el que se da cuenta de los prodigiosos milagros que en la ciudad de Lisboa ha obrado nuestro padre San Antonio de Padua
=260  \\$a[S.l. :$bs.n.,$cbetween 1775 and 1859]
=300  \\$a1 online resource
=336  \\$atext$2rdacontent
=337  \\$acomputer$2rdamedia
=338  \\$aonline resources$2rdacarrier
=500  \\$aText printed in two columns.
=500  \\$aIn verse.
=500  \\$aThree separate illustrations at head of title.
=500  \\$aCaption title.
=500  \\$a"232."
=599  \\$aItem no. T114 in volume 1074.g.23.$5Uk
=533  \\$aElectronic Reproduction$bLondon$cBritish Library$d2012$nItem no. T114 in volume 1074.g.23.$5Uk
=600  00$aAnthony,$cof Padua, Saint,$d1195-1231$xMiracles.
=650  \4$aJuan de Lara (Fictitious character)
=653  \1$aSan Antonio de Padua, 1195-1231--Milagros.
=653  \1$aJuan de Lara (Personaje ficticio)
=655  \7$aChapbooks$zSpain.$2rbgenr
=662  \\$aPortugal$dLisbon$2lcsh-naf
=856  40$uhttp://cudl.lib.cam.ac.uk/view/PR-01074-G-00023-00114$yCambridge Digital Library
=859  \\$aXLD$bCambridge Digital Library
=CAT  \\$aWR14_159$b00$c20141016$lBLL01$h1655
=CAT  \\$aBATCH-UPD$b00$c20141016$lBLL01$h1658
=CAT  \\$aWR14_181$c20150323$lBLL01$h1402
=CAT  \\$aW1606-1753$c20171028$lBLL01$h1604
=SRC  \\$aBLWrongdoing
=LAS  \\$aW1606-1753$b00$c20171028$lBLL01$h1604

