=LDR  02070 am a2200505 a 4500
=001  016893376
=003  Uk
=005  20170614121409.0
=006  m\\\\||\\d\|\\\\\\
=007  cr\|||||||||||
=008  120817q18441874sp\a\\\\o\\\\\000\0\spa\\
=FMT  \\$a  BK
=040  \\$aUkCU$beng$cUkCU$dUk
=245  00$aCoplas nuevas en alabanza de la paz y de nuestro valiente ejército /$cpor un aficionado.
=260  \\$aCórdoba :$bImprenta y litografía de D. Fausto Garcia Tena, calle de San Fernando, núm. 34,$c[between 1844 and 1874]
=300  \\$a1 online resource
=336  \\$atext$2rdacontent
=337  \\$acomputer$2rdamedia
=338  \\$aonline resources$2rdacarrier
=500  \\$aText printed in two columns.
=500  \\$aIn verse.
=500  \\$aThree separate illustrations at head of title; "Coplas nuevas compuestas por un soldado en su tienda de campaña en Africa" with additional illustration at hea of title.
=500  \\$aCaption title.
=500  \\$aImprint from colophon.
=500  \\$a"Número 8."
=500  \\$a"Coplas nuevas compuestas por un soldado en su tienda de campaña en Africa": p. [3-4].
=599  \\$aItem no. T4 in volume 1074.g.28.v1.$5Uk
=533  \\$aElectronic Reproduction$bLondon$cBritish Library$d2012$5Uk
=650  \0$aSongs, Spanish$vTexts.
=650  \0$aWar.
=650  \4$aGuerra.
=650  \4$aSoldados.
=653  \0$aCanciones españolas--Textos.
=655  \7$aChapbooks$zSpain.$2rbgenr
=700  1\$aGarcía Tena, Fausto,$dfl. 1844-1874,$eprinter.$5Uk
=740  02$aCoplas nuevas compuestas por un soldado en su tienda de campaña en Africa.
=752  \\$aSpain$dCórdoba.
=856  40$uhttp://cudl.lib.cam.ac.uk/view/PR-01074-G-00028-V1-00004$yCambridge Digital Library
=859  \\$aXLD$bCambridge Digital Library
=CAT  \\$aWR14_159$b00$c20141016$lBLL01$h1655
=CAT  \\$aWR14_181$c20150323$lBLL01$h1402
=CAT  \\$a14484$b40$c20170614$lBLL01$h1214
=CAT  \\$aW1606-1753$c20171028$lBLL01$h1604
=SRC  \\$aBLWrongdoing
=LAS  \\$aW1606-1753$b00$c20171028$lBLL01$h1604

