=LDR  02319 am a2200505 a 4500
=001  016893384
=003  Uk
=005  20140207142927.0
=006  m\\\\||\\d\|\\\\\\
=007  cr\|||||||||||
=008  120817q18441874sp\a\\\\o\\\\\000\0\spa\\
=FMT  \\$a  BK
=040  \\$aUkCU$beng$cUkCU$dUk
=245  03$aEl casamiento entre dos damas :$bRomance en que se refieren los sucesos de una señora natural de la ciudad de Viena, Corte del Imperio, y la varia fortuna que tuvo, habiendose salido de su patria en busca de un amante suyo : primera parte.
=246  3\$aRomance en que se refieren los sucesos de una señora natural de la ciudad de Viena
=260  \\$aCórdoba :$bImprenta de Don Fausto Garcia Tena, calle de la Librería, núm. 2,$c[between 1844 and 1874]
=300  \\$a1 online resource
=336  \\$atext$2rdacontent
=337  \\$acomputer$2rdamedia
=338  \\$aonline resources$2rdacarrier
=500  \\$aText printed in two columns.
=500  \\$aIn verse.
=500  \\$aIllustration at head of title; second part with additional illustration at head of title.
=500  \\$aCaption title.
=500  \\$aImprint from colophon.
=500  \\$a"Núm. 23."
=500  \\$aIn two parts. Part two has title: "El casamiento entre dos damas: romance en que se finalizan los sucesos de esta principal señora, con el mas raro caso que han visto los nacidos, como lo verá el curioso en esta segunda parte."
=599  \\$aItem no. T12 in volume 1074.g.28.v1.$5Uk
=533  \\$aElectronic Reproduction$bLondon$cBritish Library$d2012$nItem no. T12 in volume 1074.g.28.v1.$5Uk
=650  \0$aSex role.
=650  \0$aMistaken identity.
=650  \4$aRol sexual.
=653  \0$aFalsificación de identidad.
=655  \7$aChapbooks$zSpain.$2rbgenr
=662  \\$aAustria$dVienna$2lcsh-naf
=662  \\$aGreece$2lcsh-naf
=700  1\$aGarcía Tena, Fausto,$dfl. 1844-1874,$eprinter.$5Uk
=752  \\$aSpain$dCórdoba.
=856  40$uhttp://cudl.lib.cam.ac.uk/view/PR-01074-G-00028-V1-00012$yCambridge Digital Library
=859  \\$aXLD$bCambridge Digital Library
=CAT  \\$aWR14_159$b00$c20141016$lBLL01$h1655
=CAT  \\$aWR14_181$c20150323$lBLL01$h1402
=CAT  \\$aW1606-1753$c20171028$lBLL01$h1604
=SRC  \\$aBLWrongdoing
=LAS  \\$aW1606-1753$b00$c20171028$lBLL01$h1604

