=LDR  02192 am a2200457 a 4500
=001  016893387
=003  Uk
=005  20140530125536.0
=006  m\\\\||\\d\|\\\\\\
=007  cr\|||||||||||
=008  120817q18441874sp\a\\\\o\\\\\000\0\spa\\
=FMT  \\$a  BK
=040  \\$aUkCU$beng$cUkCU$dUk
=245  03$aEl contador espiritual :$bRomance en que se declara por los numeros de cuenta lo que se debe contemplar para no errar la que cada uno hemos de dar de nuestra vida en el tribunal de Dios : primera parte.
=246  3\$aRomance en que se declara por los numeros de cuenta lo que se debe contemplar para no errar la que cada uno hemos de dar de nuestra vida en el tribunal de Dios
=260  \\$aCórdoba :$bImprenta de Don Fausto Garcia Tena, calle de la Librería, núm. 2,$c[between 1844 and 1874]
=300  \\$a1 online resource
=336  \\$atext$2rdacontent
=337  \\$acomputer$2rdamedia
=338  \\$aonline resources$2rdacarrier
=500  \\$aText printed in two columns.
=500  \\$aIn verse.
=500  \\$aIllustration at head of title; second part with additional illustration at head of title.
=500  \\$aCaption title.
=500  \\$aImprint from colophon.
=500  \\$a"Núm. 28."
=500  \\$aIn two parts. Part two has title: "Contador espiritual: romance en que se declara del modo que se ha de sumar la cuenta para no llevarla errada al tribunal de Dios: segunda parte."
=599  \\$aItem no. T15 in volume 1074.g.28.v1.$5Uk
=533  \\$aElectronic Reproduction$bLondon$cBritish Library$d2012$nItem no. T15 in volume 1074.g.28.v1.$5Uk
=650  \0$aDevotional literature, Spanish.
=650  \4$aLiteratura española devocional.
=655  \7$aChapbooks$zSpain.$2rbgenr
=700  1\$aGarcía Tena, Fausto,$dfl. 1844-1874,$eprinter.$5Uk
=752  \\$aSpain$dCórdoba.
=856  40$uhttp://cudl.lib.cam.ac.uk/view/PR-01074-G-00028-V1-00015$yCambridge Digital Library
=859  \\$aXLD$bCambridge Digital Library
=CAT  \\$aWR14_159$b00$c20141016$lBLL01$h1655
=CAT  \\$aWR14_181$c20150323$lBLL01$h1402
=CAT  \\$aW1606-1753$c20171028$lBLL01$h1604
=SRC  \\$aBLWrongdoing
=LAS  \\$aW1606-1753$b00$c20171028$lBLL01$h1604

