=LDR  02197 am a2200577 a 4500
=001  016893391
=003  Uk
=005  20140124101148.0
=006  m\\\\||\\d\|\\\\\\
=007  cr\|||||||||||
=008  120817q18441874sp\a\\\\o\\\\\000\0\spa\\
=FMT  \\$a  BK
=040  \\$aUkCU$beng$cUkCU$dUk
=245  03$aLa peregrina doctora :$bprimera parte.
=260  \\$aCórdoba :$bImprenta de D. Fausto Garcia Tena, calle de la Librería, núm. 2,$c[between 1844 and 1874]
=300  \\$a1 online resource
=336  \\$atext$2rdacontent
=337  \\$acomputer$2rdamedia
=338  \\$aonline resources$2rdacarrier
=500  \\$aText printed in two columns.
=500  \\$aIn verse.
=500  \\$aTwo separate illustrations at head of title; second part with three additional illustrations at head of title.
=500  \\$aCaption title.
=500  \\$aImprint from colophon.
=500  \\$a"Núm. 38."
=500  \\$aIn two parts. Part two has title: "La peregrina doctora: segunda parte."
=599  \\$aItem no. T19 in volume 1074.g.28.v1.$5Uk
=533  \\$aElectronic Reproduction$bLondon$cBritish Library$d2012$nItem no. T19 in volume 1074.g.28.v1.$5Uk
=600  00$aMary,$cBlessed Virgin, Saint$xApparitions and miracles.
=600  04$aVirgen María$xApariciones y milagros.
=650  \0$aWomen$xCrimes against.
=650  \0$aRevenge.
=650  \0$aAtrocities.
=650  \4$aMujeres$xDelitos contra las.
=650  \4$aVenganza.
=650  \4$aAtrocidades.
=650  \4$aCuranderos.
=650  \4$aLeones.
=650  \4$aInés Portocarrero (Fictitious character)
=653  \1$aInés Portocarrero (Personaje ficticio)
=655  \7$aChapbooks$zSpain.$2rbgenr
=662  \\$aPortugal$dLisbon$2lcsh-naf
=700  1\$aGarcía Tena, Fausto,$dfl. 1844-1874,$eprinter.$5Uk
=752  \\$aSpain$dCórdoba.
=856  40$uhttp://cudl.lib.cam.ac.uk/view/PR-01074-G-00028-V1-00019$yCambridge Digital Library
=859  \\$aXLD$bCambridge Digital Library
=CAT  \\$aWR14_159$b00$c20141016$lBLL01$h1655
=CAT  \\$aWR14_181$c20150323$lBLL01$h1402
=CAT  \\$aW1606-1753$c20171028$lBLL01$h1604
=SRC  \\$aBLWrongdoing
=LAS  \\$aW1606-1753$b00$c20171028$lBLL01$h1604

