=LDR  02515 am a2200517 a 4500
=001  016893392
=003  Uk
=005  20130516180345.0
=006  m\\\\||\\d\|\\\\\\
=007  cr\|||||||||||
=008  120817q18441874sp\a\\\\o\\\\\000\0\spa\\
=FMT  \\$a  BK
=040  \\$aUkCU$beng$cUkCU$dUk
=043  \\$ae-sp---
=245  03$aLa gitanilla de Madrid :$bRomance que declara la peregrina historia de esta niña y de la suerte que la robó una gitana en la ciudad de Zaragoza : los varios sucesos que le sucedieron, como se verá en esta primera parte.
=246  3\$aRomance que declara la peregrina historia de esta niña y de la suerte que la robó una gitana en la ciudad de Zaragoza
=260  \\$aCórdoba :$bImprenta de Don Fausto Garcia Tena, calle de la Librería, núm. 2,$c[between 1844 and 1874]
=300  \\$a1 online resource
=336  \\$atext$2rdacontent
=337  \\$acomputer$2rdamedia
=338  \\$aonline resources$2rdacarrier
=500  \\$aText printed in two columns.
=500  \\$aIn verse.
=500  \\$aThree separate illustrations at head of title; second part with three additional illustrations at head of title.
=500  \\$aCaption title.
=500  \\$aImprint from colophon.
=500  \\$a"Núm. 39."
=500  \\$aIn two parts. Part two has title: "La gitanilla de Madrid: romance en que se refiere como andando por la España vinieron á parar á Zaragoza, y en manos de la Justicia por un falso testimonio y estando sentenciada á horca, se descubrió ser hija del Virrey, con otras particularidades: segunda parte."
=599  \\$aItem no. T20 in volume 1074.g.28.v1.$5Uk
=533  \\$aElectronic Reproduction$bLondon$cBritish Library$d2012$nItem no. T20 in volume 1074.g.28.v1.$5Uk
=650  \0$aWomen, Romani$zSpain$zMadrid.
=650  \0$aMistaken identity.
=650  \4$aMujeres gitanas$zEspaña$zMadrid.
=653  \0$aFalsificación de identidad.
=655  \7$aChapbooks$zSpain.$2rbgenr
=662  \\$aSpain$dMadrid$2lcsh-naf
=662  \\$aSpain$dZaragoza$2lcsh-naf
=700  1\$aGarcía Tena, Fausto,$dfl. 1844-1874,$eprinter.$5Uk
=752  \\$aSpain$dCórdoba.
=856  40$uhttp://cudl.lib.cam.ac.uk/view/PR-01074-G-00028-V1-00020$yCambridge Digital Library
=859  \\$aXLD$bCambridge Digital Library
=CAT  \\$aWR14_159$b00$c20141016$lBLL01$h1655
=CAT  \\$aWR14_181$c20150323$lBLL01$h1402
=CAT  \\$aW1606-1753$c20171028$lBLL01$h1604
=SRC  \\$aBLWrongdoing
=LAS  \\$aW1606-1753$b00$c20171028$lBLL01$h1604

