=LDR  02538 am a2200553 a 4500
=001  016893393
=003  Uk
=005  20130904142012.0
=006  m\\\\||\\d\|\\\\\\
=007  cr\|||||||||||
=008  120820q18441874sp\a\\\\o\\\\\000\0\spa\\
=FMT  \\$a  BK
=040  \\$aUkCU$beng$cUkCU$dUk
=245  00$aAntonio Montero y Diego de Frias :$bRomance en que se refiere un raro suceso y notable tragedia que en la ciudad de Antequera les sucedió á dos mancebos muy amigos, el uno llamado Diego de Frias, y él otro Antonio Montero, el cual era casado con una muy hermosa dama : y como Diego de Frias, habiendose enamorado de ella, la sacó de su casa, y la llevó á la ciudad de Sevilla : y como despues Antonio Montero los mató á entrambos.
=246  3\$aRomance en que se refiere un raro suceso y notable tragedia que en la ciudad de Antequera les sucedió á dos mancebos muy amigos
=260  \\$aCordoba :$bImprenta de D. Fausto Garcia Tena, calle de la Librería, núm. 2,$c[between 1844 and 1874]
=300  \\$a1 online resource
=336  \\$atext$2rdacontent
=337  \\$acomputer$2rdamedia
=338  \\$aonline resources$2rdacarrier
=500  \\$aText printed in two columns.
=500  \\$aIn verse.
=500  \\$aTwo separate illustrations at head of title.
=500  \\$aCaption title.
=500  \\$aImprint from colophon.
=500  \\$a"Núm. 47."
=599  \\$aItem no. T21 in volume 1074.g.28.v1.$5Uk
=533  \\$aElectronic Reproduction$bLondon$cBritish Library$d2012$nItem no. T21 in volume 1074.g.28.v1.$5Uk
=600  10$aMontero, Antonio,$dactive 19th century.
=600  14$aMontero, Antonio,$dsiglo 19.
=650  \4$aDiego de Frias (Fictitious character)
=650  \0$aAdultery.
=650  \0$aCrimes of passion.
=650  \4$aAdulterio.
=650  \4$aCrímenes de pasión.
=653  \1$aDiego de Frias (Personaje ficticio)
=655  \7$aChapbooks$zSpain.$2rbgenr
=662  \\$aSpain$dAntequera$2lcsh-naf
=662  \\$aSpain$dSeville$2lcsh-naf
=662  \\$aSpain$dCarmona (Seville)$2lcsh-naf
=700  1\$aGarcía Tena, Fausto,$dactive 1844-1874,$eprinter.$5Uk
=752  \\$aSpain$dCórdoba.
=856  40$uhttp://cudl.lib.cam.ac.uk/view/PR-01074-G-00028-V1-00021$yCambridge Digital Library
=859  \\$aXLD$bCambridge Digital Library
=CAT  \\$aWR14_159$b00$c20141016$lBLL01$h1655
=CAT  \\$aWR14_181$c20150323$lBLL01$h1402
=CAT  \\$aW1606-1753$c20171028$lBLL01$h1604
=SRC  \\$aBLWrongdoing
=LAS  \\$aW1606-1753$b00$c20171028$lBLL01$h1604

