=LDR  01816 am a2200517 a 4500
=001  016893398
=003  Uk
=005  20140530125358.0
=006  m\\\\||\\d\|\\\\\\
=007  cr\|||||||||||
=008  120820q18441874sp\a\\\\o\\\\\000\0\spa\\
=FMT  \\$a  BK
=040  \\$aUkCU$beng$cUkCU$dUk
=245  00$aMarcos de Cabra.
=260  \\$aCórdoba :$bImprenta de Don Fausto Garcia Tena, calle de la Librería, número 2,$c[between 1844 and 1874]
=300  \\$a1 online resource
=336  \\$atext$2rdacontent
=337  \\$acomputer$2rdamedia
=338  \\$aonline resources$2rdacarrier
=500  \\$aText printed in two columns.
=500  \\$aIn verse.
=500  \\$aTwo separate illustrations at head of title.
=500  \\$aCaption title.
=500  \\$aImprint from colophon.
=500  \\$a"Núm. 74."
=599  \\$aItem no. T26 in volume 1074.g.28.v1.$5Uk
=533  \\$aElectronic Reproduction$bLondon$cBritish Library$d2012$nItem no. T26 in volume 1074.g.28.v1.$5Uk
=650  \0$aWeddings.
=650  \0$aChildbirth.
=650  \0$aParturition.
=650  \4$aMarcos de Cabra (Fictitious character)
=650  \4$aBodas.
=650  \4$aParto.
=650  \4$aAnimales$xParto.
=653  \1$aMarcos de Cabra (Personaje ficticio)
=655  \7$aChapbooks$zSpain.$2rbgenr
=662  \\$aSpain$gGuadarrama Mountains$2lcsh-naf
=700  1\$aGarcía Tena, Fausto,$dfl. 1844-1874,$eprinter.$5Uk
=752  \\$aSpain$dCórdoba.
=856  40$uhttp://cudl.lib.cam.ac.uk/view/PR-01074-G-00028-V1-00026$yCambridge Digital Library
=859  \\$aXLD$bCambridge Digital Library
=CAT  \\$aWR14_159$b00$c20141016$lBLL01$h1655
=CAT  \\$aWR14_181$c20150323$lBLL01$h1402
=CAT  \\$aW1606-1753$c20171028$lBLL01$h1604
=SRC  \\$aBLWrongdoing
=LAS  \\$aW1606-1753$b00$c20171028$lBLL01$h1604

