=LDR  02021 am a2200541 a 4500
=001  016893400
=003  Uk
=005  20140530125412.0
=006  m\\\\||\\d\|\\\\\\
=007  cr\|||||||||||
=008  120820q18441874sp\a\\\\o\\\\\000\0\spa\\
=FMT  \\$a  BK
=040  \\$aUkCU$beng$cUkCU$dUk
=245  00$aJuan de Naballa :$bprimera parte.
=260  \\$aCórdoba :$bImprenta de Don Fausto Garcia Tena, calle de la Librería, núm. 2,$c[between 1844 and 1874]
=300  \\$a1 online resource
=336  \\$atext$2rdacontent
=337  \\$acomputer$2rdamedia
=338  \\$aonline resources$2rdacarrier
=500  \\$aText printed in two columns.
=500  \\$aIn verse.
=500  \\$aThree separate illustrations at head of title; second part with three additional illustrations at head of title.
=500  \\$aCaption title.
=500  \\$aImprint from colophon.
=500  \\$a"Núm. 79."
=500  \\$aIn two parts. Part two has title: "Juan de Naballa: segunda parte."
=599  \\$aItem no. T28 in volume 1074.g.28.v1.$5Uk
=533  \\$aElectronic Reproduction$bLondon$cBritish Library$d2012$nItem no. T28 in volume 1074.g.28.v1.$5Uk
=650  \0$aJuan de Naballa (Fictitious character)
=650  \0$aAvarice.
=650  \0$aJudgment of God.
=650  \0$aChristianity and justice.
=650  \4$aAvaricia.
=650  \4$aDemonio.
=650  \4$aConventos.
=653  \0$aJusticia divina.
=653  \1$aJuan de Naballa (Personaje ficiticio)
=655  \7$aChapbooks$zSpain.$2rbgenr
=662  \\$aSpain$dAlicante$2lcsh-naf
=700  1\$aGarcía Tena, Fausto,$dfl. 1844-1874,$eprinter.$5Uk
=752  \\$aSpain$dCórdoba.
=856  40$uhttp://cudl.lib.cam.ac.uk/view/PR-01074-G-00028-V1-00028$yCambridge Digital Library
=859  \\$aXLD$bCambridge Digital Library
=CAT  \\$aWR14_159$b00$c20141016$lBLL01$h1655
=CAT  \\$aWR14_181$c20150323$lBLL01$h1402
=CAT  \\$aW1606-1753$c20171028$lBLL01$h1604
=SRC  \\$aBLWrongdoing
=LAS  \\$aW1606-1753$b00$c20171028$lBLL01$h1604

