=LDR  02070 am a2200529 a 4500
=001  016893406
=003  Uk
=005  20140327110136.0
=006  m\\\\||\\d\|\\\\\\
=007  cr\|||||||||||
=008  120823q18441874sp\a\\\\o\\\\\000\0\spa\\
=FMT  \\$a  BK
=040  \\$aUkCU$beng$cUkCU$dUk
=245  03$aEl parto del gallego :$bSátira nueva, alegre y divertida para reir y pasar el tiempo, que sucedió á un gallego, ansioso de estar preñado, y los lances que le sucedieron en su pretendido parto, con lo demás que se verá.
=246  3\$aSátira nueva, alegre y divertida para reir y pasar el tiempo
=260  \\$aCórdoba :$bImp. y Lit. de D. Fausto Garcia Tena, calle de la Librería, núm. 1,$c[between 1844 and 1874]
=300  \\$a1 online resource
=336  \\$atext$2rdacontent
=337  \\$acomputer$2rdamedia
=338  \\$aonline resources$2rdacarrier
=500  \\$aText printed in two columns.
=500  \\$aIn verse.
=500  \\$aThree separate illustrations at head of title.
=500  \\$aCaption title.
=500  \\$aImprint from colophon.
=500  \\$a"Núm. 92."
=599  \\$aItem no. T34 in volume 1074.g.28.v1.$5Uk
=533  \\$aElectronic Reproduction$bLondon$cBritish Library$d2012$nItem no. T34 in volume 1074.g.28.v1.$5Uk
=650  \0$aSatire, Spanish.
=650  \0$aMale pregnancy.
=650  \0$aChildbirth.
=650  \0$aDeception.
=650  \4$aSátira española.
=650  \4$aParto.
=650  \4$aEngaño.
=653  \0$aEmbarazo masculino.
=655  \7$aChapbooks$zSpain.$2rbgenr
=662  \\$aSpain$dCádiz$2lcsh-naf
=700  1\$aGarcía Tena, Fausto,$dfl. 1844-1874,$eprinter.$5Uk
=752  \\$aSpain$dCórdoba.
=856  40$uhttp://cudl.lib.cam.ac.uk/view/PR-01074-G-00028-V1-00034$yCambridge Digital Library
=859  \\$aXLD$bCambridge Digital Library
=CAT  \\$aWR14_159$b00$c20141016$lBLL01$h1655
=CAT  \\$aWR14_181$c20150323$lBLL01$h1402
=CAT  \\$aW1606-1753$c20171028$lBLL01$h1604
=SRC  \\$aBLWrongdoing
=LAS  \\$aW1606-1753$b00$c20171028$lBLL01$h1604

