=LDR  02214 am a2200553 a 4500
=001  016893407
=003  Uk
=005  20140530125243.0
=006  m\\\\||\\d\|\\\\\\
=007  cr\|||||||||||
=008  120823q18441874sp\a\\\\o\\\\\000\0\spa\\
=FMT  \\$a  BK
=040  \\$aUkCU$beng$cUkCU$dUk
=245  04$aLos quatro judios :$bNueva relacion y curioso romance en que da cuenta de un maravilloso caso que ha sucedido en este presente año en un pueblo de Navarra con cuatro judios : refierese el prendimiento y el castigo que les dieron : primera parte.
=246  30$aNueva relacion y curioso romance en que da cuenta de un maravilloso caso que ha sucedido en este presente año en un pueblo de Navarra con cuatro judios
=260  \\$aCórdoba :$bImprenta de Don Fausto Garcia Tena, calle de la Librería, núm. 2,$c[between 1844 and 1874]
=300  \\$a1 online resource
=336  \\$atext$2rdacontent
=337  \\$acomputer$2rdamedia
=338  \\$aonline resources$2rdacarrier
=500  \\$aText printed in two columns.
=500  \\$aIn verse.
=500  \\$aIllustration at head of title.
=500  \\$aCaption title.
=500  \\$aImprint from colophon.
=500  \\$a"Núm. 93."
=500  \\$aIn two parts.
=599  \\$aItem no. T35 in volume 1074.g.28.v1.$5Uk
=533  \\$aElectronic Reproduction$bLondon$cBritish Library$d2012$nItem no. T35 in volume 1074.g.28.v1.$5Uk
=650  \0$aKidnapping.
=650  \0$aJudgment of God.
=650  \0$aChristianity and justice.
=650  \0$aJews.
=650  \0$aSacrilege.
=650  \4$aSecuestro.
=650  \4$aSacrilegio.
=650  \4$aJudíos.
=653  \0$aJusticia divina.
=655  \7$aChapbooks$zSpain.$2rbgenr
=662  \\$aSpain$dNavarre$2lcsh-naf
=700  1\$aGarcía Tena, Fausto,$dfl. 1844-1874,$eprinter.$5Uk
=752  \\$aSpain$dCórdoba.
=856  40$uhttp://cudl.lib.cam.ac.uk/view/PR-01074-G-00028-V1-00035$yCambridge Digital Library
=859  \\$aXLD$bCambridge Digital Library
=CAT  \\$aWR14_159$b00$c20141016$lBLL01$h1655
=CAT  \\$aWR14_181$c20150323$lBLL01$h1402
=CAT  \\$aW1606-1753$c20171028$lBLL01$h1604
=SRC  \\$aBLWrongdoing
=LAS  \\$aW1606-1753$b00$c20171028$lBLL01$h1604

