=LDR  02307 am a2200541 a 4500
=001  016893424
=003  Uk
=005  20140530125251.0
=006  m\\\\||\\d\|\\\\\\
=007  cr\|||||||||||
=008  120824q18441874sp\a\\\\o\\\\\000\0\spa\\
=FMT  \\$a  BK
=040  \\$aUkCU$beng$cUkCU$dUk
=245  03$aLa princesa cautiva :$bNuevo y curioso romance de una princesa cautiva rescatada por un caballero mercader : dase cuenta como fue desposada con ella, sin saber con quien se casaba : como fue robada de un traidor capitan, con todo lo demas que verá el discreto lector : primera parte
=246  30$aNuevo y curioso romance de una pricesa cautiva rescatada por un caballero mercader
=260  \\$aCórdoba :$bImprenta de D. Fausto Garcia Tena, calle de la Librería, núm. 2,$c[between 1844 and 1874]
=300  \\$a1 online resource
=336  \\$atext$2rdacontent
=337  \\$acomputer$2rdamedia
=338  \\$aonline resources$2rdacarrier
=500  \\$aText printed in two columns.
=500  \\$aIn verse.
=500  \\$aIllustration at head of title; second part with additional illustration at head of title.
=500  \\$aCaption title.
=500  \\$aImprint from colophon.
=500  \\$a"Núm. 195."
=500  \\$aIn two parts.
=599  \\$aItem no. T52 in volume 1074.g.28.v1.$5Uk
=533  \\$aElectronic Reproduction$bLondon$cBritish Library$d2012$nItem no. T52 in volume 1074.g.28.v1.$5Uk
=650  \0$aChristianity and other religions$xIslam.
=650  \0$aIslam$xRelations$xChristianity.
=650  \4$aCristianismo y otras religiones$xIslamismo.
=650  \4$aIslamismo$xRelaciones$xCristianismo.
=650  \4$aCautivos.
=650  \4$aPrincesas.
=650  \4$aComerciantes.
=655  \7$aChapbooks$zSpain.$2rbgenr
=662  \\$aItaly$dVenice$2lcsh-naf
=662  \\$aTunisia$2lcsh-naf
=700  1\$aGarcía Tena, Fausto,$dfl. 1844-1874,$eprinter.$5Uk
=752  \\$aSpain$dCórdoba.
=856  40$uhttp://cudl.lib.cam.ac.uk/view/PR-01074-G-00028-V1-00052$yCambridge Digital Library
=859  \\$aXLD$bCambridge Digital Library
=CAT  \\$aWR14_159$b00$c20141016$lBLL01$h1655
=CAT  \\$aWR14_181$c20150323$lBLL01$h1403
=CAT  \\$aW1606-1753$c20171028$lBLL01$h1604
=SRC  \\$aBLWrongdoing
=LAS  \\$aW1606-1753$b00$c20171028$lBLL01$h1604

