=LDR  02488 am a2200529 a 4500
=001  016893438
=003  Uk
=005  20140530125544.0
=006  m\\\\||\\d\|\\\\\\
=007  cr\|||||||||||
=008  120824q18441874sp\a\\\\o\\\\\000\0\spa\\
=FMT  \\$a  BK
=040  \\$aUkCU$beng$cUkCU$dUk
=245  04$aLos cinco hijos de un parto :$bVerdadera y estraña relacion del maravilloso parto de cinco hijos varones, que ha dado á luz una muger llamada Maria Gutierrez, natural del pueblo de Jalapa, casada con Isidro Lopez : Declarase la señal con que nació cada uno : el primero con una espiga de trigo en la mano, el segundo con [o]tra de cebada, el tercero con dos espadas en cruz sobre el vientre, el cuarto con un racimo de uvas en la mano derecha, y el quinto con una vara tambien en la mano derecha.
=246  30$aVerdadera y estraña relacion del maravilloso parto de cinco hijos varones
=260  \\$aCórdoba :$bImprenta de D. Fausto Garcia Tena, calle de la Libreria, núm. 2,$c[between 1844 and 1874]
=300  \\$a1 online resource
=336  \\$atext$2rdacontent
=337  \\$acomputer$2rdamedia
=338  \\$aonline resources$2rdacarrier
=500  \\$aText printed in two columns.
=500  \\$aIn verse.
=500  \\$aIllustration at head of title.
=500  \\$aCaption title.
=500  \\$aImprint from colophon.
=500  \\$a"Núm. 299."
=500  \\$a"Lamentos fúnebres del tierno esposo á la inesperada muerte de su amada consorte": p. [3-4].
=599  \\$aItem no. T66 in volume 1074.g.28.v1.$5Uk
=533  \\$aElectronic Reproduction$bLondon$cBritish Library$d2012$nItem no. T66 in volume 1074.g.28.v1.$5Uk
=650  \0$aChildbirth.
=650  \0$aPregnant women.
=650  \0$aBereavement.
=650  \4$aParto.
=650  \4$aMujeres embarazadas.
=650  \4$aDuelo (Luto)
=655  \7$aChapbooks$zSpain.$2rbgenr
=662  \\$aSpain$dValencia$2lcsh-naf
=700  1\$aGarcía Tena, Fausto,$dfl. 1844-1874,$eprinter.$5Uk
=740  02$aLamentos fúnebres del tierno esposo á la inesperada muerte de su amada consorte.
=752  \\$aSpain$dCórdoba.
=856  40$uhttp://cudl.lib.cam.ac.uk/view/PR-01074-G-00028-V1-00066$yCambridge Digital Library
=859  \\$aXLD$bCambridge Digital Library
=CAT  \\$aWR14_159$b00$c20141016$lBLL01$h1655
=CAT  \\$aWR14_181$c20150323$lBLL01$h1403
=CAT  \\$aW1606-1753$c20171028$lBLL01$h1604
=SRC  \\$aBLWrongdoing
=LAS  \\$aW1606-1753$b00$c20171028$lBLL01$h1604

