=LDR  02375 am a2200505 a 4500
=001  016893441
=003  Uk
=005  20130211102941.0
=006  m\\\\||\\d\|\\\\\\
=007  cr\|||||||||||
=008  120824q18441874sp\a\\\\o\\\\\000\0\spa\\
=FMT  \\$a  BK
=040  \\$aUkCU$beng$cUkCU$dUk
=245  04$aLos calzones y las alforjas :$bDiscreto, gracioso y divertido romance que sucedió el dia dos de enero de este presente año, á un carbonero que le dieron un par de calzones, pensando darle sus propias alforjas, y como una vieja con sus industrias raras engañó de tal manera al carbonero, que aun la dió la mitad del dinero que sacó del carbon : primera parte.
=246  30$aDiscreto, gracioso y divertido romance que sucedió el dia dos de enero de este presente año
=260  \\$aCórdoba :$bImprenta de D. Fausto Garcia Tena, calle de la Librería, núm. 2,$c[between 1844 and 1874]
=300  \\$a1 online resource
=336  \\$atext$2rdacontent
=337  \\$acomputer$2rdamedia
=338  \\$aonline resources$2rdacarrier
=500  \\$aText printed in two columns.
=500  \\$aIn verse.
=500  \\$aTwo separate illustrations at head of title; second part with two additional illustrations at head of title.
=500  \\$aCaption title.
=500  \\$aImprint from colophon.
=500  \\$a"Núm. 312."
=500  \\$aIn two parts. Part two has title: "Los calzones y las alforjas: segunda parte donde se siguen los chistes que le sucedieron al referido carbonero."
=599  \\$aItem no. T69 in volume 1074.g.28.v1.$5Uk
=533  \\$aElectronic Reproduction$bLondon$cBritish Library$d2012$nItem no. T69 in volume 1074.g.28.v1.$5Uk
=650  \0$aAdultery.
=650  \0$aMan-woman relationships.
=650  \4$aAdulterio.
=650  \4$aRelaciones hombre-mujer.
=650  \4$aAncianas.
=650  \4$aCarboneros.
=655  \7$aChapbooks$zSpain.$2rbgenr
=700  1\$aGarcía Tena, Fausto,$dfl. 1844-1874,$eprinter.$5Uk
=752  \\$aSpain$dCórdoba.
=856  40$uhttp://cudl.lib.cam.ac.uk/view/PR-01074-G-00028-V1-00069$yCambridge Digital Library
=859  \\$aXLD$bCambridge Digital Library
=CAT  \\$aWR14_159$b00$c20141016$lBLL01$h1655
=CAT  \\$aWR14_181$c20150323$lBLL01$h1403
=CAT  \\$aW1606-1753$c20171028$lBLL01$h1604
=SRC  \\$aBLWrongdoing
=LAS  \\$aW1606-1753$b00$c20171028$lBLL01$h1604

