=LDR  02184 am a2200469 a 4500
=001  016893461
=003  Uk
=005  20131213170026.0
=006  m\\\\||\\d\|\\\\\\
=007  cr\|||||||||||
=008  120831q18011850sp\a\\\\o\\\\\000\0\spa\\
=FMT  \\$a  BK
=040  \\$aUkCU$beng$cUkCU$dUk
=245  00$aSuspiros con que un pecador arrepentido implora la intercesion del Santisimo Christo de las tres caidas con la advocacion del paño :$bprimera parte.
=260  \\$aCon licencia en Córdoba :$bEn la oficina de D. Rafael Garcia Rodriguez, calle de la Librería,$c[between 1801 and 1850?]
=300  \\$a1 online resource
=336  \\$atext$2rdacontent
=337  \\$acomputer$2rdamedia
=338  \\$aonline resources$2rdacarrier
=500  \\$aText printed in two columns.
=500  \\$aIn verse.
=500  \\$aIllustration at head of title; second part with additional illustration at head of title.
=500  \\$aCaption title.
=500  \\$aImprint from colophon.
=500  \\$a"Num. 49."
=500  \\$aIn two parts. Part two has title: "Suspiros con que un pecador arrepentido implora la intercesion de la Madre de las misericordias Maria Sansisima [sic] de los Dolores, haciendole su abogada en este misterio: segunda parte."
=599  \\$aItem no. T18 in volume 1074.g.28.v2.$5Uk
=533  \\$aElectronic Reproduction$bLondon$cBritish Library$d2012$nItem no. T18 in volume 1074.g.28.v2.$5Uk
=650  \0$aChristian literature, Spanish.
=650  \0$aRepentance$xChristianity.
=650  \4$aLiteratura religiosa española.
=650  \4$aArrepentimiento$xCristianismo.
=655  \7$aChapbooks$zSpain.$2rbgenr
=740  02$aSuspiros con que un pecador arrepentido implora la intercesion de la Madre de las misericordias Maria Sansisima de los Dolores.
=752  \\$aSpain$dCórdoba.
=856  40$uhttp://cudl.lib.cam.ac.uk/view/PR-01074-G-00028-V2-00018$yCambridge Digital Library
=859  \\$aXLD$bCambridge Digital Library
=CAT  \\$aWR14_159$b00$c20141016$lBLL01$h1655
=CAT  \\$aWR14_181$c20150323$lBLL01$h1403
=CAT  \\$aW1606-1753$c20171028$lBLL01$h1604
=SRC  \\$aBLWrongdoing
=LAS  \\$aW1606-1753$b00$c20171028$lBLL01$h1604

