=LDR  02697 am a2200553 a 4500
=001  016893466
=003  Uk
=005  20131213161637.0
=006  m\\\\||\\d\|\\\\\\
=007  cr\|||||||||||
=008  120831q18011850sp\a\\\\o\\\\\000\0\spa\\
=FMT  \\$a  BK
=040  \\$aUkCU$beng$cUkCU$dUk
=245  00$aCelinda y Don Antonio Moreno :$b[Re]fierese el cautiverio de este y las amorosas [pro]ezas de esta argelina : y como la redujo á nuestra Santa Fé, declarándole el nacimiento y muerte de Mahoma : primera parte.
=246  30$aRefierese el cautiverio de este y las amorosas proezas de esta argelina
=260  \\$aCon licencia en Córdoba :$bEn la imprenta de Don Rafael Garcia Rodriguez, calle de la Librería,$c[between 1801 and 1850?]
=300  \\$a1 online resource
=336  \\$atext$2rdacontent
=337  \\$acomputer$2rdamedia
=338  \\$aonline resources$2rdacarrier
=500  \\$aText printed in two columns.
=500  \\$aIn verse.
=500  \\$aThree separate illustrations at head of title; second part with three additional illustrations at head of title.
=500  \\$aCaption title.
=500  \\$aImprint from colophon.
=500  \\$a"Núm. 70."
=500  \\$aIn two parts. Part two has title: "Celinda y Don Antonio Moreno: [d]eclarase como esta argelina se re[du]xo á nuestra Santa Fé, por haberle el cristiano explica[do] quien es el verdadero Dios, y como se bautizó, y se casó con el cristiano: refierese como se vinieron á España, trayéndose á su padre, el qual se hizo tambien cristiano: segunda parte."
=599  \\$aItem no. T23 in volume 1074.g.28.v2.$5Uk
=533  \\$aElectronic Reproduction$bLondon$cBritish Library$d2012$nItem no. T23 in volume 1074.g.28.v2.$5Uk
=650  \0$aChristianity and other religions$xIslam.
=650  \0$aIslam$xRelations$xChristianity.
=650  \0$aConversion$xChristianity.
=650  \4$aCristianismo y otras religiones$xIslamismo.
=650  \4$aIslamismo$xRelaciones$xCristianismo.
=650  \4$aConversión religiosa$xCristianismo.
=650  \4$aAntonio Moreno (Fictitious character)
=653  \1$aAntonio Moreno (Personaje ficticio)
=650  \4$aCautivos.
=655  \7$aChapbooks$zSpain.$2rbgenr
=662  \\$aSpain$dToledo$2lcsh-naf
=662  \\$aAlgeria$2lcsh-naf
=752  \\$aSpain$dCórdoba.
=856  40$uhttp://cudl.lib.cam.ac.uk/view/PR-01074-G-00028-V2-00023$yCambridge Digital Library
=859  \\$aXLD$bCambridge Digital Library
=CAT  \\$aWR14_159$b00$c20141016$lBLL01$h1655
=CAT  \\$aWR14_181$c20150323$lBLL01$h1403
=CAT  \\$aW1606-1753$c20171028$lBLL01$h1604
=SRC  \\$aBLWrongdoing
=LAS  \\$aW1606-1753$b00$c20171028$lBLL01$h1604

