=LDR  01698 am a2200445 a 4500
=001  016893481
=003  Uk
=005  20131213165104.0
=006  m\\\\||\\d\|\\\\\\
=007  cr\|||||||||||
=008  120831q18011850sp\a\\\\o\\\\\000\0\spa\\
=FMT  \\$a  BK
=040  \\$aUkCU$beng$cUkCU$dUk
=245  03$aLa princesa Ismenia.
=260  \\$aCon licencia en Córdoba :$bEn la imprenta de Don Rafael Garcia Rodriguez, calle de la Librería,$c[between 1801 and 1850?]
=300  \\$a1 online resource
=336  \\$atext$2rdacontent
=337  \\$acomputer$2rdamedia
=338  \\$aonline resources$2rdacarrier
=500  \\$aText printed in two columns.
=500  \\$aIn verse.
=500  \\$aTwo separate illustrations at head of title.
=500  \\$aCaption title.
=500  \\$aImprint from colophon.
=500  \\$a"Núm. 106."
=599  \\$aItem no. T37 in volume 1074.g.28.v2.$5Uk
=533  \\$aElectronic Reproduction$bLondon$cBritish Library$d2012$nItem no. T37 in volume 1074.g.28.v2.$5Uk
=600  00$aOsman$bII,$cSultan of the Turks,$d1603-1622$vFiction.
=600  04$aOsman$bII,$cSultan de los Turcos,$d1603-1622.
=651  \0$aSpain$xHistory$yHouse of Austria, 1516-1700.
=651  \4$aSpain$xHistoria$yCasa de Austria, 1516-1700.
=655  \7$aChapbooks$zSpain.$2rbgenr
=752  \\$aSpain$dCórdoba.
=856  40$uhttp://cudl.lib.cam.ac.uk/view/PR-01074-G-00028-V2-00037$yCambridge Digital Library
=859  \\$aXLD$bCambridge Digital Library
=CAT  \\$aWR14_159$b00$c20141016$lBLL01$h1655
=CAT  \\$aWR14_181$c20150323$lBLL01$h1403
=CAT  \\$aW1606-1753$c20171028$lBLL01$h1604
=SRC  \\$aBLWrongdoing
=LAS  \\$aW1606-1753$b00$c20171028$lBLL01$h1604

