=LDR  03187 am a2200601 a 4500
=001  016893494
=003  Uk
=005  20131213170118.0
=006  m\\\\||\\d\|\\\\\\
=007  cr\|||||||||||
=008  120905q18011850sp\a\\\\o\\\\\000\0\spa\\
=FMT  \\$a  BK
=040  \\$aUkCU$beng$cUkCU$dUk
=245  00$aSan Antonio a lo militar :$bRomance de dos portentosos milagros que ha obrado el glorioso San Antonio con un devoto y una devota, llamado el caballero Don Francisco de Hermosilla y Valdepeñas, y la señora Doña Tomasa de Castilla y Cerezuela, naturales de la ciudad de Burgos : declarase, como el Caballero fue cautivo, renegó y se casó con una turca : primera parte.
=246  30$aRomance de dos portentosos milagros, que ha obrado el glorioso San Antonio con un devoto y una devota
=260  \\$aCon licencia en Córdoba :$bEn la imprenta de Don Rafael Garcia Rodriguez, calle de la Librería,$c[between 1801 and 1850?]
=300  \\$a1 online resource
=336  \\$atext$2rdacontent
=337  \\$acomputer$2rdamedia
=338  \\$aonline resources$2rdacarrier
=500  \\$aText printed in two columns.
=500  \\$aIn verse.
=500  \\$aThree separate illustrations at head of title; second part with two additional illustrations at head of title.
=500  \\$aCaption title.
=500  \\$aImprint from colophon.
=500  \\$a"Núm. 133."
=500  \\$aIn two parts. Part two has title: "Dase cuenta en este romance como por intercesion del Señor San Antonio de Padua se vieron libres de cautiverio Don Francisco y la turca, con la qual despues de cristiana se casó: segunda parte."
=599  \\$aItem no. T51 in volume 1074.g.28.v2.$5Uk
=533  \\$aElectronic Reproduction$bLondon$cBritish Library$d2012$nItem no. T51 in volume 1074.g.28.v2.$5Uk
=600  00$aAnthony,$cof Padua, Saint,$d1195-1231$xMiracles.
=650  \4$aFrancisco de Hermosilla y Valdepeñas (Fictitious character)
=650  \4$aTomasa de Castilla y Cerezuela (Fictitious character)
=650  \0$aChristianity and other religions$xIslam.
=650  \0$aIslam$xRelations$xChristianity.
=650  \0$aConversion$xChristianity.
=650  \4$aCristianismo y otras religiones$xIslamismo.
=650  \4$aIslamismo$xRelaciones$xCristianismo.
=650  \4$aConversión religiosa$xCristianismo.
=653  \1$aSan Antonio de Padua, 1195-1231--Milagros.
=653  \1$aFrancisco de Hermosilla y Valdepeñas (Personaje ficticio)
=653  \1$aTomasa de Castilla y Cerezuela (Personaje ficticio)
=655  \7$aChapbooks$zSpain.$2rbgenr
=662  \\$aSpain$dBurgos$2lcsh-naf
=740  02$aDase cuenta en este romance como por intercesion del Señor San Antonio de Padua se vieron libres de cautiverio.
=752  \\$aSpain$dCórdoba.
=856  40$uhttp://cudl.lib.cam.ac.uk/view/PR-01074-G-00028-V2-00051$yCambridge Digital Library
=859  \\$aXLD$bCambridge Digital Library
=CAT  \\$aWR14_159$b00$c20141016$lBLL01$h1655
=CAT  \\$aBATCH-UPD$b00$c20141016$lBLL01$h1706
=CAT  \\$aWR14_181$c20150323$lBLL01$h1403
=CAT  \\$aW1606-1753$c20171028$lBLL01$h1604
=SRC  \\$aBLWrongdoing
=LAS  \\$aW1606-1753$b00$c20171028$lBLL01$h1604

