=LDR  01598 am a2200433 a 4500
=001  016893497
=003  Uk
=005  20131129103030.0
=006  m\\\\||\\d\|\\\\\\
=007  cr\|||||||||||
=008  120905q18201860sp\a\\\\o\\\\\000\0\spa\\
=FMT  \\$a  BK
=040  \\$aUkCU$beng$cUkCU$dUk
=245  00$aDoña Ines de Castro cuello de Garza de Portugal.
=260  \\$aCon licencia en Córdoba :$bEn la imprenta de D. Rafael Garcia Rodriguez, calle de la Librería,$c[between 1820 and 1860]
=300  \\$a1 online resource
=336  \\$atext$2rdacontent
=337  \\$acomputer$2rdamedia
=338  \\$aonline resources$2rdacarrier
=500  \\$aText printed in two columns.
=500  \\$aIn verse.
=500  \\$aTwo separate illustrations at head of title.
=500  \\$aCaption title.
=500  \\$aImprint from colophon.
=500  \\$a"Núm. 139."
=599  \\$aItem no. T54 in volume 1074.g.28.v2.$5Uk
=533  \\$aElectronic Reproduction$bLondon$cBritish Library$d2012$nItem no. T54 in volume 1074.g.28.v2.$5Uk
=600  10$aCastro, Inês de,$dd. 1355.
=600  14$aCastro, Inês de,$dm. 1355..
=655  \7$aChapbooks$zSpain.$2rbgenr
=662  \\$aPortugal$2lcsh-naf
=752  \\$aSpain$dCórdoba.
=856  40$uhttp://cudl.lib.cam.ac.uk/view/PR-01074-G-00028-V2-00054$yCambridge Digital Library
=859  \\$aXLD$bCambridge Digital Library
=CAT  \\$aWR14_159$b00$c20141016$lBLL01$h1655
=CAT  \\$aWR14_181$c20150323$lBLL01$h1403
=CAT  \\$aW1606-1753$c20171028$lBLL01$h1604
=SRC  \\$aBLWrongdoing
=LAS  \\$aW1606-1753$b00$c20171028$lBLL01$h1604

