=LDR  01646 am a2200445 a 4500
=001  016893534
=003  Uk
=005  20131213164656.0
=006  m\\\\||\\d\|\\\\\\
=007  cr\|||||||||||
=008  120913q18011850sp\\\\\\o\\\\\000\0\spa\\
=FMT  \\$a  BK
=040  \\$aUkCU$beng$cUkCU$dUk
=100  0\$aGalan
=245  10$aRelacion de la comedia La vida es sueño de Don Pedro Calderon de la Barca /$cde Galan.
=246  30$aVida es sueño
=260  \\$aCon licencia en Córdoba :$bEn la imprenta de Don Rafael Garcia Rodriguez, calle de la Librería,$c[between 1801 and 1850?]
=300  \\$a1 online resource
=336  \\$atext$2rdacontent
=337  \\$acomputer$2rdamedia
=338  \\$aonline resources$2rdacarrier
=500  \\$aText printed in two columns.
=500  \\$aIn verse.
=500  \\$aCaption title.
=500  \\$aImprint from colophon.
=500  \\$a"Núm. 220."
=599  \\$aItem no. T92 in volume 1074.g.28.v2.$5Uk
=533  \\$aElectronic Reproduction$bLondon$cBritish Library$d2012$nItem no. T92 in volume 1074.g.28.v2.$5Uk
=650  \0$aSpanish drama
=650  \4$aTeatro español.
=655  \7$aChapbooks$zSpain.$2rbgenr
=700  1\$aCalderón de la Barca, Pedro,$d1600-1681.$tVida es sueño.
=752  \\$aSpain$dCórdoba.
=856  40$uhttp://cudl.lib.cam.ac.uk/view/PR-01074-G-00028-V2-00092$yCambridge Digital Library
=859  \\$aXLD$bCambridge Digital Library
=CAT  \\$aWR14_159$b00$c20141016$lBLL01$h1655
=CAT  \\$aWR14_181$c20150323$lBLL01$h1403
=CAT  \\$aW1606-1753$c20171028$lBLL01$h1604
=SRC  \\$aBLWrongdoing
=LAS  \\$aW1606-1753$b00$c20171028$lBLL01$h1604

