=LDR  01783 am a2200505 a 4500
=001  016893575
=003  Uk
=005  20131213153818.0
=006  m\\\\||\\d\|\\\\\\
=007  cr\|||||||||||
=008  120928q18011850sp\a\\\\o\\\\\000\0\spa\\
=FMT  \\$a  BK
=040  \\$aUkCU$beng$cUkCU$dUk
=245  00$aJardin engañoso :$bprimera parte.
=260  \\$aCon licencia en Córdoba :$bEn la imprenta de Don Rafael Garcia Rodriguez, calle de la Librería,$c[between 1801 and 1850?]
=300  \\$a1 online resource
=336  \\$atext$2rdacontent
=337  \\$acomputer$2rdamedia
=338  \\$aonline resources$2rdacarrier
=500  \\$aText printed in two columns.
=500  \\$aIn verse.
=500  \\$aIllustration at head of title; second part with three additional illustrations at head of title.
=500  \\$aCaption title.
=500  \\$aImprint from colophon.
=500  \\$a"Núm. 296."
=500  \\$aIn two parts.
=599  \\$aItem no. T133 in volume 1074.g.28.v2.$5Uk
=533  \\$aElectronic Reproduction$bLondon$cBritish Library$d2012$nItem no. T133 in volume 1074.g.28.v2.$5Uk
=650  \0$aFratricide.
=650  \0$aCourtship.
=650  \4$aFratricidio.
=650  \4$aCortejo amoroso.
=650  \4$aDemonio.
=650  \4$aBodas.
=655  \7$aChapbooks$zSpain.$2rbgenr
=662  \\$aPortugal$dLisbon$2lcsh-naf
=662  \\$aItaly$2lcsh-naf
=752  \\$aSpain$dCórdoba.
=856  40$uhttp://cudl.lib.cam.ac.uk/view/PR-01074-G-00028-V2-00133$yCambridge Digital Library
=859  \\$aXLD$bCambridge Digital Library
=CAT  \\$aWR14_159$b00$c20141016$lBLL01$h1655
=CAT  \\$aWR14_181$c20150323$lBLL01$h1403
=CAT  \\$aW1606-1753$c20171028$lBLL01$h1604
=SRC  \\$aBLWrongdoing
=LAS  \\$aW1606-1753$b00$c20171028$lBLL01$h1604

