=LDR  02065 am a2200517 a 4500
=001  016893582
=003  Uk
=005  20131129101330.0
=006  m\\\\||\\d\|\\\\\\
=007  cr\|||||||||||
=008  120928q17981825sp\a\\\\o\\\\\000\0\spa\\
=FMT  \\$a  BK
=040  \\$aUkCU$beng$cUkCU$dUk
=245  00$aCurioso romance y general batalla que ordtnariamente [sic] sucede entre los suegros y yernos, suegras y nueras, cuya comun desdicha es poseida de todos, y deseada de ninguno :$bRefierese en ella las condiciones, propiedades y regañoso chasco de la suegrecil milicia y la escarmentada yerneria.
=246  30$aCurioso romance y general batalla que ordinariamente sucede entre los suegros y yernos, suegras y nueras
=260  \\$aCon licencia en Córdoba :$bEn la oficina de D. Luis Ramos y Coria ...,$c[between 1798 and 1825?]
=300  \\$a1 online resource
=336  \\$atext$2rdacontent
=337  \\$acomputer$2rdamedia
=338  \\$aonline resources$2rdacarrier
=500  \\$aText printed in two columns.
=500  \\$aIn verse.
=500  \\$aTwo separate illustrations at head of title.
=500  \\$aCaption title.
=500  \\$aImprint from colophon.
=599  \\$aItem no. T5 in volume 1609.4455.$5Uk
=533  \\$aElectronic Reproduction$bLondon$cBritish Library$d2012$nItem no. T5 in volume 1609.4455.$5Uk
=650  \0$aSatire, Spanish.
=650  \0$aMothers-in-law.
=650  \0$aDaughters-in-law.
=650  \0$aFathers-in-law.
=650  \0$aSons-in-law.
=650  \4$aSátira española.
=650  \4$aSuegras.
=650  \4$aNueras.
=653  \0$aSuegros.
=653  \0$aYernos.
=655  \7$aChapbooks$zSpain.$2rbgenr
=752  \\$aSpain$dCórdoba.
=856  40$uhttp://cudl.lib.cam.ac.uk/view/PR-01609-04455-00005$yCambridge Digital Library
=859  \\$aXLD$bCambridge Digital Library
=CAT  \\$aWR14_159$b00$c20141016$lBLL01$h1655
=CAT  \\$aWR14_181$c20150323$lBLL01$h1403
=CAT  \\$aW1606-1753$c20171028$lBLL01$h1604
=SRC  \\$aBLWrongdoing
=LAS  \\$aW1606-1753$b00$c20171028$lBLL01$h1604

