=LDR  01671 am a2200481 a 4500
=001  016893586
=003  Uk
=005  20130515142841.0
=006  m\\\\||\\d\|\\\\\\
=007  cr\|||||||||||
=008  120928q17991850sp\a\\\\o\\\\\000\0\spa\\
=FMT  \\$a  BK
=040  \\$aUkCU$beng$cUkCU$dUk
=245  00$aConsideraciones que debe hacer todo aquel que escandaliza con su mal vivir.
=260  \\$aCon licencia en Córdoba :$b[s.n.,$cbetween 1799 and 1850?]
=300  \\$a1 online resource
=336  \\$atext$2rdacontent
=337  \\$acomputer$2rdamedia
=338  \\$aonline resources$2rdacarrier
=500  \\$aText printed in two columns.
=500  \\$aIn verse.
=500  \\$aIllustration at head of title.
=500  \\$aCaption title.
=500  \\$aImprint from colophon.
=500  \\$a"Núm. 92."
=599  \\$aItem no. T9 in volume 1609.4455.$5Uk
=533  \\$aElectronic Reproduction$bLondon$cBritish Library$d2012$nItem no. T9 in volume 1609.4455.$5Uk
=650  \0$aSin.
=650  \0$aChristian literature, Spanish.
=650  \4$aPecado.
=650  \4$aLiteratura religiosa española.
=655  \7$aChapbooks$zSpain.$2rbgenr
=662  \\$aSpain$dMálaga$2lcsh-naf
=662  \\$aSpain$dGranada$2lcsh-naf
=662  \\$aSpain$dMortril$2lcsh-naf
=752  \\$aSpain$dCórdoba.
=856  40$uhttp://cudl.lib.cam.ac.uk/view/PR-01609-04455-00009$yCambridge Digital Library
=859  \\$aXLD$bCambridge Digital Library
=CAT  \\$aWR14_159$b00$c20141016$lBLL01$h1655
=CAT  \\$aWR14_181$c20150323$lBLL01$h1403
=CAT  \\$aW1606-1753$c20171028$lBLL01$h1604
=SRC  \\$aBLWrongdoing
=LAS  \\$aW1606-1753$b00$c20171028$lBLL01$h1604

