=LDR  01647 am a2200445 a 4500
=001  016893590
=003  Uk
=005  20131129101106.0
=006  m\\\\||\\d\|\\\\\\
=007  cr\|||||||||||
=008  120928q17981825sp\\\\\\o\\\\\000\0\spa\\
=FMT  \\$a  BK
=040  \\$aUkCU$beng$cUkCU$dUk
=100  1\$aLobo, Eugenio Gerardo,$d1679-1750.
=245  10$aRelacion nueva :$bTriunfos de la castidad y martirio de Nicetas /$ccompuesta por Don Eugenio Gerardo Lobo.
=246  30$aTriunfos de la castidad y martirio de Nicetas
=260  \\$aCon licencia en Córdoba :$bEn la oficina de D. Luis de Ramos y Coria, Plazuela de las Cañas ...,$c[between 1798 and 1825?]
=300  \\$a1 online resource
=336  \\$atext$2rdacontent
=337  \\$acomputer$2rdamedia
=338  \\$aonline resources$2rdacarrier
=500  \\$aText printed in two columns.
=500  \\$aIn verse.
=500  \\$aCaption title.
=500  \\$aImprint from colophon.
=599  \\$aItem no. T13 in volume 1609.4455.$5Uk
=533  \\$aElectronic Reproduction$bLondon$cBritish Library$d2012$nItem no. T13 in volume 1609.4455.$5Uk
=650  \0$aChastity.
=650  \0$aMartyrdom.
=650  \4$aCastidad.
=650  \4$aMartirio.
=655  \7$aChapbooks$zSpain.$2rbgenr
=752  \\$aSpain$dCórdoba.
=856  40$uhttp://cudl.lib.cam.ac.uk/view/PR-01609-04455-00013$yCambridge Digital Library
=859  \\$aXLD$bCambridge Digital Library
=CAT  \\$aWR14_159$b00$c20141016$lBLL01$h1655
=CAT  \\$aWR14_181$c20150323$lBLL01$h1403
=CAT  \\$aW1606-1753$c20171028$lBLL01$h1604
=SRC  \\$aBLWrongdoing
=LAS  \\$aW1606-1753$b00$c20171028$lBLL01$h1604

