=LDR  01483 am a2200421 a 4500
=001  016893591
=003  Uk
=005  20131129101004.0
=006  m\\\\||\\d\|\\\\\\
=007  cr\|||||||||||
=008  120928q17991850sp\a\\\\o\\\\\000\0\spa\\
=FMT  \\$a  BK
=040  \\$aUkCU$beng$cUkCU$dUk
=245  03$aEl valiente negro en Flandes.
=260  \\$aImpreso en Llerena :$bPor Francisco Barrera ...,$c[between 1799 and 1850?]
=300  \\$a1 online resource
=336  \\$atext$2rdacontent
=337  \\$acomputer$2rdamedia
=338  \\$aonline resources$2rdacarrier
=500  \\$aText printed in two columns.
=500  \\$aIn verse.
=500  \\$aIllustration at head of title.
=500  \\$aCaption title.
=500  \\$aImprint from colophon.
=599  \\$aItem no. T15 in volume 1609.4455.$5Uk
=533  \\$aElectronic Reproduction$bLondon$cBritish Library$d2012$nItem no. T15 in volume 1609.4455.$5Uk
=650  \4$aJuan de Alva (Fictitious charachter)
=653  \1$aJuan de Alva (Personaje ficticio)
=655  \7$aChapbooks$zSpain.$2rbgenr
=662  \\$aFlanders$2lcsh-naf
=752  \\$aSpain$dLlerena.
=856  40$uhttp://cudl.lib.cam.ac.uk/view/PR-01609-04455-00015$yCambridge Digital Library
=859  \\$aXLD$bCambridge Digital Library
=CAT  \\$aWR14_159$b00$c20141016$lBLL01$h1655
=CAT  \\$aWR14_181$c20150323$lBLL01$h1403
=CAT  \\$aW1606-1753$c20171028$lBLL01$h1604
=SRC  \\$aBLWrongdoing
=LAS  \\$aW1606-1753$b00$c20171028$lBLL01$h1604

