=LDR  01614 am a2200457 a 4500
=001  016893592
=003  Uk
=005  20131129101226.0
=006  m\\\\||\\d\|\\\\\\
=007  cr\|||||||||||
=008  120928s1840\\\\sp\\\\\\o\\\\\000\0\spa\\
=FMT  \\$a  BK
=040  \\$aUkCU$beng$cUkCU$dUk
=245  00$aRelacion de gracioso conocida por El desprecio bien vengado.
=246  30$aDesprecio bien vengado
=260  \\$aImpreso en Jerez de la Frontera y reimpreso en Sevilla :$bImprenta de Hidalgo y Compañía,$cAño de 1840.
=300  \\$a1 online resource
=336  \\$atext$2rdacontent
=337  \\$acomputer$2rdamedia
=338  \\$aonline resources$2rdacarrier
=500  \\$aText printed in two columns.
=500  \\$aIn verse.
=500  \\$aCaption title.
=500  \\$aImprint from colophon.
=599  \\$aItem no. T16 in volume 1609.4455.$5Uk
=533  \\$aElectronic Reproduction$bLondon$cBritish Library$d2012$nItem no. T16 in volume 1609.4455.$5Uk
=650  \0$aSatire, Spanish.
=650  \0$aFlatulence.
=650  \4$aSátira española.
=650  \4$aFlatulencia.
=655  \7$aChapbooks$zSpain.$2rbgenr
=662  \\$aSpain$dSoria$2lcsh-naf
=752  \\$aSpain$dJerez de la Frontera.
=752  \\$aSpain$dSeville.
=856  40$uhttp://cudl.lib.cam.ac.uk/view/PR-01609-04455-00016$yCambridge Digital Library
=859  \\$aXLD$bCambridge Digital Library
=CAT  \\$aWR14_159$b00$c20141016$lBLL01$h1655
=CAT  \\$aWR14_181$c20150323$lBLL01$h1403
=CAT  \\$aW1606-1753$c20171028$lBLL01$h1604
=SRC  \\$aBLWrongdoing
=LAS  \\$aW1606-1753$b00$c20171028$lBLL01$h1604

