=LDR  01917 am a2200469 a 4500
=001  016893594
=003  Uk
=005  20131129101045.0
=006  m\\\\||\\d\|\\\\\\
=007  cr\|||||||||||
=008  121012q17981825sp\a\\\\o\\\\\000\0\spa\\
=FMT  \\$a  BK
=040  \\$aUkCU$beng$cUkCU$dUk
=245  00$aRomance del feliz hallazgo y milagro del SS. Christo de Torrijos :$bprimera parte.
=260  \\$aEn Córdoba :$bEn la imprenta de D. Luis de Ramos, Plazuela de las Cañas ...,$c[between 1798 and 1825?]
=300  \\$a1 online resource
=336  \\$atext$2rdacontent
=337  \\$acomputer$2rdamedia
=338  \\$aonline resources$2rdacarrier
=500  \\$aText printed in two columns.
=500  \\$aIn verse.
=500  \\$aIllustration at head of title.
=500  \\$aCaption title.
=500  \\$aImprint from colophon.
=500  \\$aIn two parts. Part two has title: "Curioso romance en que se refieren algunos de los milagros que ha obrado el Santisimo Cristo de Torrijos: segunda parte."
=599  \\$aItem no. T18 in volume 1609.4455.$5Uk
=533  \\$aElectronic Reproduction$bLondon$cBritish Library$d2012$nItem no. T18 in volume 1609.4455.$5Uk
=650  \0$aChristian literature, Spanish.
=650  \0$aMiracles.
=650  \4$aLiteratura religiosa española.
=650  \4$aMilagros.
=655  \7$aChapbooks$zSpain.$2rbgenr
=662  \\$aSpain$dTorrijos$2lcsh-naf
=740  02$aCurioso romance en que se refieren algunos de los milagros que ha obrado el Santisimo Cristo de Torrijos.
=752  \\$aSpain$dCórdoba.
=856  40$uhttp://cudl.lib.cam.ac.uk/view/PR-01609-04455-00018$yCambridge Digital Library
=859  \\$aXLD$bCambridge Digital Library
=CAT  \\$aWR14_159$b00$c20141016$lBLL01$h1655
=CAT  \\$aWR14_181$c20150323$lBLL01$h1403
=CAT  \\$aW1606-1753$c20171028$lBLL01$h1604
=SRC  \\$aBLWrongdoing
=LAS  \\$aW1606-1753$b00$c20171028$lBLL01$h1604

