=LDR  01563 am a2200433 a 4500
=001  016893595
=003  Uk
=005  20131129101147.0
=006  m\\\\||\\d\|\\\\\\
=007  cr\|||||||||||
=008  121012q17751796sp\\\\\\o\\\\\000\0\spa\\
=FMT  \\$a  BK
=040  \\$aUkCU$beng$cUkCU$dUk
=100  1\$aCalderón de la Barca, Pedro,$d1600-1681.
=240  10$aVanda y la flor.$kSelections
=245  10$aRelacion La vanda y la flor :$bDe dama /$cde don Pedro Calderon.
=246  30$aDe dama
=260  \\$aCon licencia en Sevilla :$bEn la imprenta de Manuel Nicolàs Vazquez, en calle Genova,$c[between 1775 and 1796]
=300  \\$a1 online resource
=336  \\$atext$2rdacontent
=337  \\$acomputer$2rdamedia
=338  \\$aonline resources$2rdacarrier
=500  \\$aText printed in two columns.
=500  \\$aIn verse.
=500  \\$aCaption title.
=500  \\$aImprint from colophon.
=599  \\$aItem no. T19 in volume 1609.4455.$5Uk
=533  \\$aElectronic Reproduction$bLondon$cBritish Library$d2012$nItem no. T19 in volume 1609.4455.$5Uk
=650  \0$aKings & queens.
=653  \0$aReyes y reinas.
=655  \7$aChapbooks$zSpain.$2rbgenr
=752  \\$aSpain$dSeville.
=856  40$uhttp://cudl.lib.cam.ac.uk/view/PR-01609-04455-00019$yCambridge Digital Library
=859  \\$aXLD$bCambridge Digital Library
=CAT  \\$aWR14_159$b00$c20141016$lBLL01$h1655
=CAT  \\$aWR14_181$c20150323$lBLL01$h1403
=CAT  \\$aW1606-1753$c20171028$lBLL01$h1604
=SRC  \\$aBLWrongdoing
=LAS  \\$aW1606-1753$b00$c20171028$lBLL01$h1604

