=LDR  01432 am a2200421 a 4500
=001  016893599
=003  Uk
=005  20140729093237.0
=006  m\\\\||\\d\|\\\\\\
=007  cr\|||||||||||
=008  121012q17991850sp\a\\\\o\\\\\000\0\spa\\
=FMT  \\$a  BK
=040  \\$aUkCU$beng$cUkCU$dUk
=245  00$aRelacion nueva de la gitana.
=246  30$aGitana
=260  \\$aImpresa en Llerena :$bPor Francisco Barrera ...,$c[between 1799 and 1850?]
=300  \\$a1 online resource
=336  \\$atext$2rdacontent
=337  \\$acomputer$2rdamedia
=338  \\$aonline resources$2rdacarrier
=500  \\$aText printed in two columns.
=500  \\$aIn verse.
=500  \\$aTwo separate illustrations at head of title.
=500  \\$aCaption title.
=500  \\$aImprint from colophon.
=599  \\$aItem no. T29 in volume 1609.4455.$5Uk
=533  \\$aElectronic Reproduction$bLondon$cBritish Library$d2012$nItem no. T29 in volume 1609.4455.$5Uk
=650  \0$aRomanies.
=650  \4$aGitanos.
=655  \7$aChapbooks$zSpain.$2rbgenr
=752  \\$aSpain$dLlerena.
=856  40$uhttp://cudl.lib.cam.ac.uk/view/PR-01609-04455-00029$yCambridge Digital Library
=859  \\$aXLD$bCambridge Digital Library
=CAT  \\$aWR14_159$b00$c20141016$lBLL01$h1655
=CAT  \\$aWR14_181$c20150323$lBLL01$h1403
=CAT  \\$aW1606-1753$c20171028$lBLL01$h1604
=SRC  \\$aBLWrongdoing
=LAS  \\$aW1606-1753$b00$c20171028$lBLL01$h1604

