=LDR  02154 am a2200481 a 4500
=001  016893604
=003  Uk
=005  20130516174915.0
=006  m\\\\||\\d\|\\\\\\
=007  cr\|||||||||||
=008  121018s1816\\\\sp\a\\\\o\\\\\000\0\spa\\
=FMT  \\$a  BK
=040  \\$aUkCU$beng$cUkCU$dUk
=245  00$aBatalla naval :$bLa gran victoria que tuvo Don Juan de Austria contra la armada turquesca en el Golfo de Lepanto, á 7 de octubre del año de 1571 dividida en tres famosos romances : el primero, quando partió D. Juan del reyno de Sicilia con toda la armada en busca de la del turco : el segundo, el presente que envió el turco al señor Don Juan : el tercero, otro presente que hizo el señor Don Juan al turco.
=246  30$aGran victoria que tuvo Don Juan de Austria contra la armada turquesca en el Golfo de Lepanto
=260  \\$aCon licencia en Sevilla :$bPor la Viuda de Vazquez y Compañia,$cAño de 1816.
=300  \\$a1 online resource
=336  \\$atext$2rdacontent
=337  \\$acomputer$2rdamedia
=338  \\$aonline resources$2rdacarrier
=500  \\$aText printed in two columns.
=500  \\$aIn verse.
=500  \\$aIllustration incorporated within title.
=500  \\$aCaption title.
=500  \\$aImprint from colophon.
=500  \\$a"Núm. 16."
=599  \\$aItem no. T36 in volume 1609.4455.$5Uk
=533  \\$aElectronic Reproduction$bLondon$cBritish Library$d2012$nItem no. T36 in volume 1609.4455.$5Uk
=600  00$aJohn,$cof Austria,$d1547-1578.
=650  \0$aLepanto, Battle of, Greece, 1571.
=650  \4$aLepanto, Batalla de, Grecia, 1571.
=653  \1$aJuan, de Austria, 1547-1578.
=655  \7$aChapbooks$zSpain.$2rbgenr
=662  \\$aItaly$dSicily$2lcsh-naf
=662  \\$aTurkey$2lcsh-naf
=752  \\$aSpain$dSeville.
=856  40$uhttp://cudl.lib.cam.ac.uk/view/PR-01609-04455-00036$yCambridge Digital Library
=859  \\$aXLD$bCambridge Digital Library
=CAT  \\$aWR14_159$b00$c20141016$lBLL01$h1655
=CAT  \\$aWR14_181$c20150323$lBLL01$h1403
=CAT  \\$aW1606-1753$c20171028$lBLL01$h1604
=SRC  \\$aBLWrongdoing
=LAS  \\$aW1606-1753$b00$c20171028$lBLL01$h1604

