=LDR  01856 am a2200517 a 4500
=001  016893605
=003  Uk
=005  20131213163937.0
=006  m\\\\||\\d\|\\\\\\
=007  cr\|||||||||||
=008  121018q18011850sp\a\\\\o\\\\\000\0\spa\\
=FMT  \\$a  BK
=040  \\$aUkCU$beng$cUkCU$dUk
=245  00$aRelacion nueva :$bEl valor bien empleado por la hermosa Doña Blanca.
=246  30$aValor bien empleado por la hermosa Doña Blanca
=260  \\$aCon licencia en Córdoba :$bEn la imprenta de Don Rafael Garcia Rodriguez, calle de la Librería,$c[between 1801 and 1850?]
=300  \\$a1 online resource
=336  \\$atext$2rdacontent
=337  \\$acomputer$2rdamedia
=338  \\$aonline resources$2rdacarrier
=500  \\$aText printed in two columns.
=500  \\$aIn verse.
=500  \\$aIllustration at head of title.
=500  \\$aCaption title.
=500  \\$aImprint from colophon.
=500  \\$a"Núm. 9."
=599  \\$aItem no. T37 in volume 1609.4455.$5Uk
=533  \\$aElectronic Reproduction$bLondon$cBritish Library$d2012$nItem no. T37 in volume 1609.4455.$5Uk
=650  \0$aAdultery.
=650  \0$aSocial justice.
=650  \4$aAdulterio.
=650  \4$aJusticia social.
=655  \7$aChapbooks$zSpain.$2rbgenr
=662  \\$aBelgium$dFlanders$2lcsh-naf
=662  \\$aSpain$dMadrid$2lcsh-naf
=662  \\$aSpain$dSeville$2lcsh-naf
=662  \\$aSpain$dCádiz$2lcsh-naf
=662  \\$aFrance$dParis$2lcsh-naf
=752  \\$aSpain$dCórdoba.
=856  40$uhttp://cudl.lib.cam.ac.uk/view/PR-01609-04455-00037$yCambridge Digital Library
=859  \\$aXLD$bCambridge Digital Library
=CAT  \\$aWR14_159$b00$c20141016$lBLL01$h1655
=CAT  \\$aWR14_181$c20150323$lBLL01$h1403
=CAT  \\$aW1606-1753$c20171028$lBLL01$h1604
=SRC  \\$aBLWrongdoing
=LAS  \\$aW1606-1753$b00$c20171028$lBLL01$h1604

