=LDR  02090 am a2200517 a 4500
=001  016893606
=003  Uk
=005  20131129101028.0
=006  m\\\\||\\d\|\\\\\\
=007  cr\|||||||||||
=008  121018s1866\\\\sp\a\\\\o\\\\\000\0\spa\\
=FMT  \\$a  BK
=040  \\$aUkCU$beng$cUkCU$dUk
=245  03$aLa soberbia castigada :$bHistoria verdadera y ejemplar de Esther y Mardocheo, del perverso Aman, y conflicto de los hebreos : sacada de la Escritura, libro de Esthér, Lira, Josepho, Judío, Pineda y otros historiadores antiguos.
=246  30$aHistoria verdadera y ejemplar de Esther y Mardocheo
=260  \\$aCarmona :$bImprenta y libreria de Don José María Moreno y Galvez, Madre de Dios, 1,$c1866.
=300  \\$a1 online resource
=336  \\$atext$2rdacontent
=337  \\$acomputer$2rdamedia
=338  \\$aonline resources$2rdacarrier
=500  \\$aIllustration at head of title.
=500  \\$aCaption title.
=500  \\$a"Dos pliegos."
=599  \\$aItem no. T38 in volume 1609.4455.$5Uk
=533  \\$aElectronic Reproduction$bLondon$cBritish Library$d2012$nItem no. T38 in volume 1609.4455.$5Uk
=600  00$aXerxes$bI,$cKing of Persia,$d519 B.C.-465 B.C. or 464 B.C.
=600  00$aEsther,$cQueen of Persia.
=600  00$aMordecai$c(Biblical figure)
=600  00$aHaman$c(Biblical figure)
=650  \0$aPride and vanity.
=650  \4$aSoberbia.
=653  \1$aAsuero I, Rey de Iran, 519-465 o 4 a.C.
=653  \1$aEster, Reina de Iran.
=653  \1$aMardocheo (Figura bíblica)
=653  \1$aAman (Figura bíblica)
=655  \7$aChapbooks$zSpain.$2rbgenr
=662  \\$aIran$2lcsh-naf
=752  \\$aSpain$dCarmona (Seville)
=856  40$uhttp://cudl.lib.cam.ac.uk/view/PR-01609-04455-00038$yCambridge Digital Library
=859  \\$aXLD$bCambridge Digital Library
=CAT  \\$aWR14_159$b00$c20141016$lBLL01$h1655
=CAT  \\$aBATCH-UPD$b00$c20141016$lBLL01$h1706
=CAT  \\$aWR14_181$c20150323$lBLL01$h1403
=CAT  \\$aW1606-1753$c20171028$lBLL01$h1604
=SRC  \\$aBLWrongdoing
=LAS  \\$aW1606-1753$b00$c20171028$lBLL01$h1604

