=LDR  02773 am a2200565 a 4500
=001  016893607
=003  Uk
=005  20140530130959.0
=006  m\\\\||\\d\|\\\\\\
=007  cr\|||||||||||
=008  121018s1844\\\\sp\a\\\\o\\\\\000\0\spa\\
=FMT  \\$a  BK
=040  \\$aUkCU$beng$cUkCU$dUk
=245  00$aDon Antonio Benavides de Lacerda :$bNueva relacion en la cual se refiere como un caballero andaluz se enamoró de una señora natural de Palermo, por la cual tuvo una reñida pendencia, y habièndose embarcado para España, fueron cautivos de moros, con todo lo demás que verá el curioso lector.
=246  30$aNueva relacion en la cual se refiere como un caballero andaluz se enamoró de una señora natural de Palermo
=260  \\$aMadrid :$bImprenta de José M. Marès, calle de Preciados, nùm. 52,$c1844.
=300  \\$a1 online resource
=336  \\$atext$2rdacontent
=337  \\$acomputer$2rdamedia
=338  \\$aonline resources$2rdacarrier
=500  \\$aText printed in two columns.
=500  \\$aIllustration at head of title; second part with additional illustration at head of title.
=500  \\$aIn verse.
=500  \\$aCaption title.
=500  \\$aImprint from colophon.
=500  \\$a"Núm. 140."
=500  \\$aIn two parts. Part two has title: Segunda parte, en la que se refiere lo que pasaron en su cautiverio Don Antonio Benavides y Doña Maria Teresa, como llegaron con felicidad á España y se casaron, con lo demás que verá el curioso lector.
=599  \\$aItem no. 1 in volume 11450.f.23.$5Uk
=533  \\$aElectronic Reproduction$bLondon$cBritish Library$d2012$nItem no. 1 in volume 11450.f.23.$5Uk
=650  \0$aMan-woman relationships.
=650  \4$aAntonio Benavides de Lacerda (Fictitious charachter)
=650  \4$aMaria Teresa de Faro Leon y Torres (Fictitious charachter)
=650  \4$aRelaciones hombre-mujer.
=650  \4$aCautivos.
=653  \1$aAntonio Benavides de Lacerda (Personaje ficticio)
=653  \1$aMaria Teresa de Faro Leon y Torres (Personaje ficticio)
=655  \7$aChapbooks$zSpain.$2rbgenr
=662  \\$aSpain$dAntequera$2lcsh-naf
=662  \\$aItaly$dPalermo$2lcsh-naf
=662  \\$aAlgeria$2lcsh-naf
=662  \\$aTunisia$2lcsh-naf
=740  02$aSegunda parte, en la que se refiere lo que pasaron en su cautiverio Don Antonio Benavides y Doña Maria Teresa.
=752  \\$aSpain$dMadrid.
=856  40$uhttp://cudl.lib.cam.ac.uk/view/PR-11450-F-00023-00001$yCambridge Digital Library
=859  \\$aXLD$bCambridge Digital Library
=CAT  \\$aWR14_159$b00$c20141016$lBLL01$h1655
=CAT  \\$aWR14_181$c20150323$lBLL01$h1403
=CAT  \\$aW1606-1753$c20171028$lBLL01$h1604
=SRC  \\$aBLWrongdoing
=LAS  \\$aW1606-1753$b00$c20171028$lBLL01$h1604

