=LDR  01861 am a2200493 a 4500
=001  016893608
=003  Uk
=005  20121026121454.0
=006  m\\\\||\\d\|\\\\\\
=007  cr\|||||||||||
=008  121018s1844\\\\sp\a\\\\o\\\\\000\h\spa\\
=FMT  \\$a  BK
=040  \\$aUkCU$beng$cUkCU$dUk
=100  1\$aLópez Soler, Ramón.
=245  10$aSermon burlesco, alegre y divertido, pronunciado en la catedra de la pestilencia :$by dedicado á la pùblica salud, alegría y tranquilidad /$cpor el Bachiller Cantaclaro.
=260  \\$aMadrid :$bImprenta de J. Marés, calle de Preciados, núm. 52,$c1844.
=300  \\$a1 online resource
=336  \\$atext$2rdacontent
=337  \\$acomputer$2rdamedia
=338  \\$aonline resources$2rdacarrier
=500  \\$aMostly in verse.
=500  \\$aTwo separate illustrations at head of title; additional illustration on p. 7 .
=500  \\$aCaption title.
=500  \\$aImprint from colophon.
=500  \\$a"Núm. 63."
=500  \\$a"Licencia para ventosear": p. 8.
=599  \\$aItem no. T2 in volume 11450.f.23.$5Uk
=533  \\$aElectronic Reproduction$bLondon$cBritish Library$d2012$nItem no. T2 in volume 11450.f.23.$5Uk
=650  \0$aReligious satire, Spanish.
=650  \0$aParody.
=650  \0$aFarting.
=650  \4$aParodia.
=653  \0$aSátira religiosa española.
=653  \0$aVentosidad.
=740  02$aLicencia para ventosear.
=752  \\$aSpain$dMadrid.
=856  40$uhttp://cudl.lib.cam.ac.uk/view/PR-11450-F-00023-00002$yCambridge Digital Library
=859  \\$aXLD$bCambridge Digital Library
=CAT  \\$aWR14_159$b00$c20141016$lBLL01$h1655
=CAT  \\$aBATCH-UPD$b00$c20141016$lBLL01$h1706
=CAT  \\$aWR14_181$c20150323$lBLL01$h1403
=CAT  \\$aW1606-1753$c20171028$lBLL01$h1604
=SRC  \\$aBLWrongdoing
=LAS  \\$aW1606-1753$b00$c20171028$lBLL01$h1604

