=LDR  02541 am a2200541 a 4500
=001  016893609
=003  Uk
=005  20130723112522.0
=006  m\\\\||\\d\|\\\\\\
=007  cr\|||||||||||
=008  121018s1844\\\\sp\a\\\\o\\\\\000\0\spa\\
=FMT  \\$a  BK
=040  \\$aUkCU$beng$cUkCU$dUk
=245  00$aDoña Francisca la cautiva :$bNueva y curiosa relacion en que se refiere un portentoso milagro que ha obrado la Vírgen Santísima del Cármen con una señora viuda devota suya que navegaba para Roma con tres hijos pequeños, á los que cautivaron los turcos, y como los libertó milagrosamente : primera parte.
=246  30$aNueva y curiosa relacion en que se refiere un portentoso milagro que ha obrado la Vírgen Santísima del Cármen
=260  \\$aMadrid :$bImprenta de Josè Marés, calle de Preciados, núm. 52,$c1844
=300  \\$a1 online resource
=336  \\$atext$2rdacontent
=337  \\$acomputer$2rdamedia
=338  \\$aonline resources$2rdacarrier
=500  \\$aText printed in two columns.
=500  \\$aIn verse.
=500  \\$aIllustration at head of title; second part with additional illustration at head of title.
=500  \\$aCaption title.
=500  \\$aImprint from colophon.
=500  \\$aIn two parts. Part two has title: "Segunda parte en que se dá fin á los sucesos y trabajos que padeció doña Francisca la cautiva."
=500  \\$a"Núm. 97."
=599  \\$aItem no. T3 in volume 11450.f.23.$5Uk
=533  \\$aElectronic Reproduction$bLondon$cBritish Library$d2012$nItem no. T3 in volume 11450.f.23.$5Uk
=600  10$aEspiritu Santo, María del Carmen del$xApparitions and miracles.
=600  14$aEspiritu Santo, María del Carmen del$xApariciones y milagros.
=650  \0$aWomen$xAbuse of.
=650  \0$aWidows.
=650  \4$aMujeres$xAbuso de.
=650  \4$aCautivos.
=655  \7$aChapbooks$zSpain.$2rbgenr
=662  \\$aItaly$dRome$2lcsh-naf
=662  \\$aItaly$dNaples$2lcsh-naf
=740  02$aSegunda parte en que se dá fin á los sucesos y trabajos que padeció doña Francisca la cautiva.
=752  \\$aSpain$dMadrid.
=856  40$uhttp://cudl.lib.cam.ac.uk/view/PR-11450-F-00023-00003$yCambridge Digital Library
=859  \\$aXLD$bCambridge Digital Library
=CAT  \\$aWR14_159$b00$c20141016$lBLL01$h1655
=CAT  \\$aBATCH-UPD$b00$c20141016$lBLL01$h1706
=CAT  \\$aWR14_181$c20150323$lBLL01$h1403
=CAT  \\$aW1606-1753$c20171028$lBLL01$h1604
=SRC  \\$aBLWrongdoing
=LAS  \\$aW1606-1753$b00$c20171028$lBLL01$h1604

