=LDR  02093 am a2200493 a 4500
=001  016893610
=003  Uk
=005  20140530130938.0
=006  m\\\\||\\d\|\\\\\\
=007  cr\|||||||||||
=008  121018s1844\\\\sp\a\\\\o\\\\\000\0\spa\\
=FMT  \\$a  BK
=040  \\$aUkCU$beng$cUkCU$dUk
=245  00$aDon Juan de la Tierra :$bRomance en que se da cuenta y declaran los hechos, arrestos y valentias de este héroe, natural de la villa de Illescas : dase cuenta de la reñida pendencia que tuvo en defensa de su rey : con todo lo demas que verá el curioso lector.
=246  30$aRomance en que se da cuenta y declaran los hechos, arrestos y valentias de este héroe
=260  \\$aMadrid :$bImprenta de Marès, calle de Preciados, núm. 52,$c1844.
=300  \\$a1 online resource
=336  \\$atext$2rdacontent
=337  \\$acomputer$2rdamedia
=338  \\$aonline resources$2rdacarrier
=500  \\$aText printed in two columns.
=500  \\$aIn verse.
=500  \\$aIllustration at head of title; second part with additional illustration at head of title.
=500  \\$aCaption title.
=500  \\$aImprint from colophon.
=500  \\$aIn two parts. Part two has title: "Don Juan de la Tierra."
=500  \\$a"Núm. 114."
=599  \\$aItem no. T4 in volume 11450.f.23.$5Uk
=533  \\$aElectronic Reproduction$bLondon$cBritish Library$d2012$nItem no. T4 in volume 11450.f.23.$5Uk
=650  \4$aJuan de la Tierra (Fictitious character)
=650  \4$aSoldados.
=650  \4$aComerciantes.
=653  \1$aJuan de la Tierra (Personaje ficticio)
=655  \7$aChapbooks$zSpain.$2rbgenr
=662  \\$aSpain$dIllescas$2lcsh-naf
=662  \\$aItaly$dNaples$2lcsh-naf
=752  \\$aSpain$dMadrid.
=856  40$uhttp://cudl.lib.cam.ac.uk/view/PR-11450-F-00023-00004$yCambridge Digital Library
=859  \\$aXLD$bCambridge Digital Library
=CAT  \\$aWR14_159$b00$c20141016$lBLL01$h1655
=CAT  \\$aWR14_181$c20150323$lBLL01$h1403
=CAT  \\$aW1606-1753$c20171028$lBLL01$h1604
=SRC  \\$aBLWrongdoing
=LAS  \\$aW1606-1753$b00$c20171028$lBLL01$h1604

