=LDR  02458 am a2200577 a 4500
=001  016893611
=003  Uk
=005  20140530130853.0
=006  m\\\\||\\d\|\\\\\\
=007  cr\|||||||||||
=008  121018s1845\\\\sp\a\\\\o\\\\\000\p\spa\\
=FMT  \\$a  BK
=040  \\$aUkCU$beng$cUkCU$dUk
=245  00$aDoña Teresa en la cueva :$bRelacion de los varios sucesos de don Manuel de Contreras y doña Teresa de Rivera, en que se declara como don Manuel sacó á doña Teresa de su convento de la ciudad de Salamanca, y partiendo á Córdoba fuè muerto en Sierra-Morena por un hermano de doña Teresa : primera parte.
=246  30$aRelacion de los varios sucesos de don Manuel de Contreras y doña Teresa de Rivera
=260  \\$aMadrid :$bImprenta de J. Marés, Corredera de S. Pablo,$c1845.
=300  \\$a1 online resource
=336  \\$atext$2rdacontent
=337  \\$acomputer$2rdamedia
=338  \\$aonline resources$2rdacarrier
=500  \\$aText printed in two columns.
=500  \\$aIllustration at head of title.
=500  \\$aIn verse.
=500  \\$aCaption title.
=500  \\$aImprint from colophon.
=500  \\$a"Núm. 91."
=500  \\$aIn two parts. Part two has title: "Segunda parte, de doña Teresa de Rivera."
=599  \\$aItem no. T5 in volume 11450.f.23.$5Uk
=533  \\$aElectronic Reproduction$bLondon$cBritish Library$d2012$nItem no. T5 in volume 11450.f.23.$5Uk
=600  00$aJesus Christ$xDevotion to.
=600  04$aJesucristo$xDevoción a.
=650  \4$aManuel de Contreras (Fictitious character)
=650  \4$aTeresa de Rivera (Fictitious character)
=650  \0$aMan-woman relationships.
=650  \4$aRelaciones hombre-mujer.
=650  \4$aDiablo.
=653  \1$aManuel de Contreras (Personaje ficticio)
=653  \1$aTeresa de Rivera (Personaje ficticio)
=655  \7$aChapbooks$zSpain.$2rbgenr
=662  \\$aSpain$dSalamanca$2lcsh-naf
=662  \\$aSpain$dCórdoba$2lcsh-naf
=662  \\$aSpain$gSierra Morena$2lcsh-naf
=740  02$aSegunda parte, de doña Teresa de Rivera.
=752  \\$aSpain$dMadrid.
=856  40$uhttp://cudl.lib.cam.ac.uk/view/PR-11450-F-00023-00005$yCambridge Digital Library
=859  \\$aXLD$bCambridge Digital Library
=CAT  \\$aWR14_159$b00$c20141016$lBLL01$h1655
=CAT  \\$aWR14_181$c20150323$lBLL01$h1403
=CAT  \\$aW1606-1753$c20171028$lBLL01$h1604
=SRC  \\$aBLWrongdoing
=LAS  \\$aW1606-1753$b00$c20171028$lBLL01$h1604

