=LDR  01850 am a2200505 a 4500
=001  016893612
=003  Uk
=005  20140317154045.0
=006  m\\\\||\\d\|\\\\\\
=007  cr\|||||||||||
=008  121019s1845\\\\sp\a\\\\o\\\\\000\0\spa\\
=FMT  \\$a  BK
=040  \\$aUkCU$beng$cUkCU$dUk
=100  1\$aOlmo Alfonso, Lucas del.
=245  10$aVerdadera relacion y curioso romance de la vida y muerte del bienaventurado San Alejo :$bprimera parte.
=246  30$aDel bienaventurado San Alejo
=260  \\$aMadrid :$bImprenta de Josè M. Marés, Corredera baja de S. Pablo, núm. 27 ...,$c1845.
=300  \\$a1 online resource
=336  \\$atext$2rdacontent
=337  \\$acomputer$2rdamedia
=338  \\$aonline resources$2rdacarrier
=500  \\$aText printed in two columns.
=500  \\$aIn verse.
=500  \\$aIllustration at head of title.
=500  \\$aCaption title.
=500  \\$aImprint from colophon.
=500  \\$a"Núm. 84."
=500  \\$aIn three parts.
=500  \\$aAuthor's name appears at end of p. 8: Alfonso del Olmo.
=599  \\$aItem no. T6 in volume 11450.f.23.$5Uk
=533  \\$aElectronic Reproduction$bLondon$cBritish Library$d2012$nItem no. T6 in volume 11450.f.23.$5Uk
=650  \0$aAlexius,$cSaint
=650  \0$aChristian literature, Spanish
=650  \4$aAlejo, Santo.
=650  \4$aLiteratura religiosa española.
=655  \7$aChapbooks$zSpain.$2rbgenr
=662  \\$aItaly$dRome$2lcsh-naf
=752  \\$aSpain$dMadrid.
=856  40$uhttp://cudl.lib.cam.ac.uk/view/PR-11450-F-00023-00006$yCambridge Digital Library
=859  \\$aXLD$bCambridge Digital Library
=CAT  \\$aWR14_159$b00$c20141016$lBLL01$h1655
=CAT  \\$aWR14_181$c20150323$lBLL01$h1403
=CAT  \\$aW1606-1753$c20171028$lBLL01$h1604
=SRC  \\$aBLWrongdoing
=LAS  \\$aW1606-1753$b00$c20171028$lBLL01$h1604

