=LDR  02010 am a2200445 a 4500
=001  016893613
=003  Uk
=005  20131220130830.0
=006  m\\\\||\\d\|\\\\\\
=007  cr\|||||||||||
=008  121019s1845\\\\sp\a\\\\o\\\\\000\0\spa\\
=FMT  \\$a  BK
=040  \\$aUkCU$beng$cUkCU$dUk
=245  03$aEl contador espiritual :$bque contiene un nuevo y curioso romance, declarando por los números de cuenta lo que debe contemplar para no errar la cuenta que cada uno hemos de dar de nuestra vida en el tribunal de Dios.
=260  \\$aMadrid :$bImprenta de J. Marés, Corredera de S. Pablo, n. 27,$c1845.
=300  \\$a1 online resource
=336  \\$atext$2rdacontent
=337  \\$acomputer$2rdamedia
=338  \\$aonline resources$2rdacarrier
=500  \\$aText printed in two columns.
=500  \\$aIllustration at head of title; second part with additional illustration at head of title.
=500  \\$aIn verse.
=500  \\$aCaption title.
=500  \\$aImprint from colophon.
=500  \\$a"Núm. 170."
=500  \\$aIn two parts. Part two has title: Segunda parte, que contiene del modo que ha de sumarse la cuenta para no llevarla errada en el tribunal de Dios.
=599  \\$aItem no. T7 in volume 11450.f.23.$5Uk
=533  \\$aElectronic Reproduction$bLondon$cBritish Library$d2012$nItem no. T7 in volume 11450.f.23.$5Uk
=650  \0$aDevotional literature, Spanish.
=650  \4$aLiteratura española devocional.
=655  \7$aChapbooks$zSpain.$2rbgenr
=740  02$aSegunda parte, que contiene del modo que ha de sumarse la cuenta para no llevarla errada en el tribunal de Dios.
=752  \\$aSpain$dMadrid.
=856  40$uhttp://cudl.lib.cam.ac.uk/view/PR-11450-F-00023-00007$yCambridge Digital Library
=859  \\$aXLD$bCambridge Digital Library
=CAT  \\$aWR14_159$b00$c20141016$lBLL01$h1655
=CAT  \\$aWR14_181$c20150323$lBLL01$h1403
=CAT  \\$aW1606-1753$c20171028$lBLL01$h1604
=SRC  \\$aBLWrongdoing
=LAS  \\$aW1606-1753$b00$c20171028$lBLL01$h1604

