=LDR  01980 am a2200469 a 4500
=001  016893614
=003  Uk
=005  20130723124618.0
=006  m\\\\||\\d\|\\\\\\
=007  cr\|||||||||||
=008  121019s1846\\\\sp\a\\\\o\\\\\000\0\spa\\
=FMT  \\$a  BK
=040  \\$aUkCU$beng$cUkCU$dUk
=245  00$aRelacion historica en que se refiere la peregrina y trágica vida de la penitente anacoreta, la Princesa de Brabante Santa Genoveva :$bsacada de la verídica historia de la misma santa : primera parte.
=246  30$aSanta Genoveva
=260  \\$aMadrid :$bImprenta de D. Jose M. Mares, Corredera de S. Pablo, número 27,$c1846.
=300  \\$a1 online resource
=336  \\$atext$2rdacontent
=337  \\$acomputer$2rdamedia
=338  \\$aonline resources$2rdacarrier
=500  \\$aText printed in two columns.
=500  \\$aIn verse.
=500  \\$aIllustration at head of title; second part with additional illustration at head of title.
=500  \\$aCaption title.
=500  \\$aImprint from colophon.
=500  \\$a"Núm. 74."
=500  \\$aIn two parts. Part two has title: Segunda parte, en que se da fin a la peregrina historia de la virtuosa Princesa de Brabante, Santa Genoveva.
=599  \\$aItem no. T8 in volume 11450.f.23.$5Uk
=533  \\$aElectronic Reproduction$bLondon$cBritish Library$d2012$nItem no. T8 in volume 11450.f.23.$5Uk
=650  \0$aGeneviève, of Brabant (Legendary character)
=650  \0$aRevenge.
=650  \4$aVenganza.
=653  \1$aGenoveva, de Brabante (Personaje legendario)
=655  \7$aChapbooks$zSpain.$2rbgenr
=752  \\$aSpain$dMadrid.
=856  40$uhttp://cudl.lib.cam.ac.uk/view/PR-11450-F-00023-00008$yCambridge Digital Library
=859  \\$aXLD$bCambridge Digital Library
=CAT  \\$aWR14_159$b00$c20141016$lBLL01$h1655
=CAT  \\$aWR14_181$c20150323$lBLL01$h1403
=CAT  \\$aW1606-1753$c20171028$lBLL01$h1604
=SRC  \\$aBLWrongdoing
=LAS  \\$aW1606-1753$b00$c20171028$lBLL01$h1604

