=LDR  02143 am a2200541 a 4500
=001  016893617
=003  Uk
=005  20140530130720.0
=006  m\\\\||\\d\|\\\\\\
=007  cr\|||||||||||
=008  121019s1846\\\\sp\a\\\\o\\\\\000\p\spa\\
=FMT  \\$a  BK
=040  \\$aUkCU$beng$cUkCU$dUk
=245  00$aJuan de Prados, o, Chasco del arriero.
=246  30$aChasco del arriero
=260  \\$aMadrid :$bImprenta de D. José Maria Marés, Corredera de San Pablo, núm. 27,$c1846.
=300  \\$a1 online resource
=336  \\$atext$2rdacontent
=337  \\$acomputer$2rdamedia
=338  \\$aonline resources$2rdacarrier
=500  \\$aText printed in two columns.
=500  \\$aIllustration at head of title; second part with additional illustration at head of title.
=500  \\$aIn verse.
=500  \\$aCaption title.
=500  \\$aImprint from colophon.
=500  \\$a"Núm. 52."
=500  \\$aIn two parts. Part two has title: Segunda parte, en la que se declara del modo que Juan Prados se vengó de su muger, en despique del chasco que ella le habia dado.
=599  \\$aItem no. T11 in volume 11450.f.23.$5Uk
=533  \\$aElectronic Reproduction$bLondon$cBritish Library$d2012$nItem no. T11 in volume 11450.f.23.$5Uk
=650  \4$aJuan de Prados (Fictitious character)
=650  \4$aJuana Gutiérrez (Fictitious character)
=650  \0$aDeception.
=650  \0$aRevenge.
=650  \4$aEngaño.
=650  \4$aVenganza.
=653  \1$aJuan de Prados (Personaje ficticio)
=653  \1$aJuana Gutiérrez (Personaje ficticio)
=655  \7$aChapbooks$zSpain.$2rbgenr
=662  \\$aSpain$dValladolid$2lcsh-naf
=740  02$aSegunda parte, en la que se declara del modo que Juan Prados se vengó de su muger.
=752  \\$aSpain$dMadrid.
=856  40$uhttp://cudl.lib.cam.ac.uk/view/PR-11450-F-00023-00011$yCambridge Digital Library
=859  \\$aXLD$bCambridge Digital Library
=CAT  \\$aWR14_159$b00$c20141016$lBLL01$h1655
=CAT  \\$aWR14_181$c20150323$lBLL01$h1403
=CAT  \\$aW1606-1753$c20171028$lBLL01$h1604
=SRC  \\$aBLWrongdoing
=LAS  \\$aW1606-1753$b00$c20171028$lBLL01$h1604

