=LDR  02386 am a2200517 a 4500
=001  016893619
=003  Uk
=005  20140530130814.0
=006  m\\\\||\\d\|\\\\\\
=007  cr\|||||||||||
=008  121019s1846\\\\sp\a\\\\o\\\\\000\0\spa\\
=FMT  \\$a  BK
=040  \\$aUkCU$beng$cUkCU$dUk
=043  \\$ae-sp---
=245  03$aLa gitanilla de Madrid :$bNueva relacion en la que se declara la peregrina y rara historia de la gitanilla de Madrid : de la suerte que la robó una gitana en Zaragoza : y los varios sucesos que le acaecieron, como verá el curioso lector : primera parte.
=246  3\$aNueva relacion en la que se declara la peregrina y rara historia de la gitanilla de Madrid
=260  \\$aMadrid :$bImprenta de D. Jose M. Mares, Corredera de S. Pablo, número 27,$c1846.
=300  \\$a1 online resource
=336  \\$atext$2rdacontent
=337  \\$acomputer$2rdamedia
=338  \\$aonline resources$2rdacarrier
=500  \\$aText printed in two columns.
=500  \\$aIn verse.
=500  \\$aIllustration at head of title.
=500  \\$aCaption title.
=500  \\$aImprint from colophon.
=500  \\$a"Núm. 88."
=500  \\$aIn two parts. Part two has title: "2a parte en la que se refiere como andando corriendo la España vinieron á parar á Zaragoza, y en manos de la Justicia por un falso testimonio y estando sentenciados á horca, se descubrió ser hija del Virey."
=599  \\$aItem no. T13 in volume 11450.f.23.$5Uk
=533  \\$aElectronic Reproduction$bLondon$cBritish Library$d2012$nItem no. T13 in volume 11450.f.23.$5Uk
=650  \0$aWomen, Romani$zSpain$zMadrid.
=650  \0$aMistaken identity.
=650  \4$aMujeres gitanas$zEspaña$zMadrid.
=653  \0$aFalsificación de identidad.
=655  \7$aChapbooks$zSpain.$2rbgenr
=662  \\$aSpain$dMadrid$2lcsh-naf
=662  \\$aSpain$dZaragoza$2lcsh-naf
=740  02$a2a parte en la que se refiere como andando corriendo la España vinieron á parar á Zaragoza
=752  \\$aSpain$dMadrid.
=856  40$uhttp://cudl.lib.cam.ac.uk/view/PR-11450-F-00023-00013$yCambridge Digital Library
=859  \\$aXLD$bCambridge Digital Library
=CAT  \\$aWR14_159$b00$c20141016$lBLL01$h1655
=CAT  \\$aWR14_181$c20150323$lBLL01$h1403
=CAT  \\$aW1606-1753$c20171028$lBLL01$h1604
=SRC  \\$aBLWrongdoing
=LAS  \\$aW1606-1753$b00$c20171028$lBLL01$h1604

