=LDR  01907 am a2200505 a 4500
=001  016893622
=003  Uk
=005  20130723111054.0
=006  m\\\\||\\d\|\\\\\\
=007  cr\|||||||||||
=008  121019q18421859sp\a\\\\o\\\\\000\p\spa\\
=FMT  \\$a  BK
=040  \\$aUkCU$beng$cUkCU$dUk
=245  00$aDon Claudio y Doña Margarita :$bAdmirable y curiosisima relación, en la que se refiere un suceso muy estraordinario acaecido á estos nobles señores.
=246  30$aAdmirable y curiosisima relación, en la que se refiere un suceso muy extraordinario acaecido á estos nobles señores
=260  \\$aMadrid :$bImprenta de Josè M. Marès, Corredera baja de S. Pablo,$c[between 1842 and 1859?]
=300  \\$a1 online resource
=336  \\$atext$2rdacontent
=337  \\$acomputer$2rdamedia
=338  \\$aonline resources$2rdacarrier
=500  \\$a"Corregida en esta impresión."
=500  \\$aText printed in two columns.
=500  \\$aIllustration at head of title.
=500  \\$aIn verse.
=500  \\$aCaption title.
=500  \\$aImprint from colophon.
=500  \\$a"Núm. 43."
=500  \\$aIn two parts.
=599  \\$aItem no. T16 in volume 11450.f.23.$5Uk
=533  \\$aElectronic Reproduction$bLondon$cBritish Library$d2012$nItem no. T16 in volume 11450.f.23.$5Uk
=650  \0$aRevenge.
=650  \0$aTreason.
=650  \4$aVenganza.
=650  \4$aTraición.
=650  \4$aOsos.
=655  \7$aChapbooks$zSpain.$2rbgenr
=662  \\$aFrance$dParis$2lcsh-naf
=752  \\$aSpain$dMadrid.
=856  40$uhttp://cudl.lib.cam.ac.uk/view/PR-11450-F-00023-00016$yCambridge Digital Library
=859  \\$aXLD$bCambridge Digital Library
=CAT  \\$aWR14_159$b00$c20141016$lBLL01$h1655
=CAT  \\$aWR14_181$c20150323$lBLL01$h1403
=CAT  \\$aW1606-1753$c20171028$lBLL01$h1604
=SRC  \\$aBLWrongdoing
=LAS  \\$aW1606-1753$b00$c20171028$lBLL01$h1604

