=LDR  02648 am a2200529 a 4500
=001  016893625
=003  Uk
=005  20131211152057.0
=006  m\\\\||\\d\|\\\\\\
=007  cr\|||||||||||
=008  121019s1846\\\\sp\a\\\\o\\\\\000\0\spa\\
=FMT  \\$a  BK
=040  \\$aUkCU$beng$cUkCU$dUk
=245  03$aLa renegada de Valladolid :$bRelacion de una muger natural de Valladolid, que siendo cautiva negó la ley de nuestro Señor, y se casó con un moro, donde estuvo veinte y seis años, y como cautivaron á un clérigo, hermano suyo, el cual la sirvió tres años de esclavo sin conocerse : al cabo se conocieron por ciertas preguntas : el arrepentimiento de la renegada, y como fueron á Roma á reconciliarse con el Padre Santo : primera parte.
=246  30$aRelacion de una muger natural de Valladolid, que siendo cautiva negó la ley de nuestro Señor, y se casó con un moro
=260  \\$aMadrid :$bImprenta de D. José M. Marés, Corredera baja de S. Pablo, núm. 27,$c1846.
=300  \\$a1 online resource
=336  \\$atext$2rdacontent
=337  \\$acomputer$2rdamedia
=338  \\$aonline resources$2rdacarrier
=500  \\$aText printed in two columns.
=500  \\$aIllustration at head of title.
=500  \\$aIn verse.
=500  \\$aCaption title.
=500  \\$aImprint from colophon.
=500  \\$a"Núm. 120."
=500  \\$aIn two parts. Part two has title: Dáse cuenta de la santa penitencia que hizo la renegada, y como convirtió á dos hijos sin conocer estos á su madre.
=599  \\$aItem no. T19 in volume 11450.f.23.$5Uk
=533  \\$aElectronic Reproduction$bLondon$cBritish Library$d2012$nItem no. T19 in volume 11450.f.23.$5Uk
=650  \0$aChristianity and other religions$xIslam.
=650  \0$aIslam$xRelations$xChristianity.
=650  \0$aRepentance$xChristianity.
=650  \4$aCristianismo y otras religiones$xIslamismo.
=650  \4$aIslamismo$xRelaciones$xCristianismo.
=650  \4$aArrepentimiento$xCristianismo.
=650  \4$aEsclavos.
=655  \7$aChapbooks$zSpain.$2rbgenr
=662  \\$aSpain$dValladolid$2lcsh-naf
=740  02$aDáse cuenta de la santa penitencia que hizo la renegada, y como convirtió á dos hijos sin conocer éstos á su madre.
=752  \\$aSpain$dMadrid.
=856  40$uhttp://cudl.lib.cam.ac.uk/view/PR-11450-F-00023-00019$yCambridge Digital Library
=859  \\$aXLD$bCambridge Digital Library
=CAT  \\$aWR14_159$b00$c20141016$lBLL01$h1655
=CAT  \\$aWR14_181$c20150323$lBLL01$h1403
=CAT  \\$aW1606-1753$c20171028$lBLL01$h1604
=SRC  \\$aBLWrongdoing
=LAS  \\$aW1606-1753$b00$c20171028$lBLL01$h1604

