=LDR  02086 am a2200541 a 4500
=001  016893627
=003  Uk
=005  20140529110722.0
=006  m\\\\||\\d\|\\\\\\
=007  cr\|||||||||||
=008  121019s1847\\\\sp\a\\\\o\\\\\000\p\spa\d
=FMT  \\$a  BK
=040  \\$aUkCU$beng$cUkCU$dUk
=245  00$aDoña Juana de Acebedo :$bprimera parte.
=260  \\$aMadrid :$bImprenta de D. J. M. Marés, Corredera de San Pablo, núm. 27,$c1847.
=300  \\$a1 online resource
=336  \\$atext$2rdacontent
=337  \\$acomputer$2rdamedia
=338  \\$aonline resources$2rdacarrier
=500  \\$aText printed in two columns.
=500  \\$aIllustration at head of title; second part with two additional illustrations at head of title.
=500  \\$aIn verse.
=500  \\$aCaption title.
=500  \\$aImprint from colophon.
=500  \\$aIn two parts. Part two has title: "Segunda parte, en la que dan fin los romances de Doña Juana de Acebedo."
=500  \\$a"Núm. 11."
=599  \\$aItem no. T21 in volume 11450.f.23.$5Uk
=533  \\$aElectronic Reproduction$bLondon$cBritish Library$d2012$nItem no. T21 in volume 11450.f.23.$5Uk
=650  \4$aJuana de Acevedo (Fictitious character)
=650  \4$aAlonso Romero (Fictitious character)
=650  \0$aBrigands and robbers.
=650  \0$aViolent crimes.
=650  \4$aBandoleros.
=650  \4$aDelitos violentos.
=650  \4$aToros.
=653  \1$aJuana de Acevedo (Personaje ficticio)
=653  \1$aAlonso Romero (Personaje ficticio)
=655  \7$aChapbooks$zSpain.$2rbgenr
=662  \\$aSpain$dSeville$2lcsh-naf
=740  02$aSegunda parte, en la que dan fin los romances de Doña Juana de Acebedo
=752  \\$aSpain$dMadrid.
=856  40$uhttp://cudl.lib.cam.ac.uk/view/PR-11450-F-00023-00021$yCambridge Digital Library
=859  \\$aXLD$bCambridge Digital Library
=CAT  \\$aWR14_159$b00$c20141016$lBLL01$h1655
=CAT  \\$aWR14_181$c20150323$lBLL01$h1403
=CAT  \\$aW1606-1753$c20171028$lBLL01$h1604
=SRC  \\$aBLWrongdoing
=LAS  \\$aW1606-1753$b00$c20171028$lBLL01$h1604

