=LDR  01886 am a2200517 a 4500
=001  016893628
=003  Uk
=005  20140530131253.0
=006  m\\\\||\\d\|\\\\\\
=007  cr\|||||||||||
=008  121019s1847\\\\sp\a\\\\o\\\\\000\0\spa\\
=FMT  \\$a  BK
=040  \\$aUkCU$beng$cUkCU$dUk
=245  00$aCuriosa relacion en que se da cuenta de las proezas y arrojos de Francisco Esteban el Guapo, natural de la ciudad de Lucena :$bprimera parte.
=246  30$aFrancisco Esteban el Guapo
=260  \\$aMadrid :$bImprenta de D. José M. Marés, Corredera baja de San Pablo, núm. 27,$c1847.
=300  \\$a1 online resource
=336  \\$atext$2rdacontent
=337  \\$acomputer$2rdamedia
=338  \\$aonline resources$2rdacarrier
=500  \\$aText printed in two columns.
=500  \\$aIn verse.
=500  \\$aIllustration at head of title.
=500  \\$aCaption title.
=500  \\$aImprint from colophon.
=500  \\$a"Núm. 208."
=500  \\$a"Dos pliegos."
=500  \\$aIn five parts.
=599  \\$aItem no. T22 in volume 11450.f.23.$5Uk
=533  \\$aElectronic Reproduction$bLondon$cBritish Library$d2012$nItem no. T22 in volume 11450.f.23.$5Uk
=650  \0$aCriminals.
=650  \0$aBrigands and robbers.
=650  \4$aDelincuentes.
=650  \4$aBandoleros.
=650  \4$aFrancisco Esteban (Fictitious character)
=653  \1$aFrancisco Esteban (Personaje ficticio)
=655  \7$aChapbooks$zSpain.$2rbgenr
=662  \\$aSpain$dLucena$2lcsh-naf
=752  \\$aSpain$dMadrid.
=856  40$uhttp://cudl.lib.cam.ac.uk/view/PR-11450-F-00023-00022$yCambridge Digital Library
=859  \\$aXLD$bCambridge Digital Library
=CAT  \\$aWR14_159$b00$c20141016$lBLL01$h1655
=CAT  \\$aWR14_181$c20150323$lBLL01$h1403
=CAT  \\$aW1606-1753$c20171028$lBLL01$h1604
=SRC  \\$aBLWrongdoing
=LAS  \\$aW1606-1753$b00$c20171028$lBLL01$h1604

