=LDR  01825 am a2200445 a 4500
=001  016893629
=003  Uk
=005  20140530125915.0
=006  m\\\\||\\d\|\\\\\\
=007  cr\|||||||||||
=008  121019s1847\\\\sp\a\\\\o\\\\\000\h\spa\\
=FMT  \\$a  BK
=040  \\$aUkCU$beng$cUkCU$dUk
=100  1\$aDescuerna-Cabras,$cbachiller.
=245  10$aSermon burlesco para representarle en cualquier funcion, en el que se dá zurra á todo monigote /$ccompuesto por el Bachiller Descuerna-Cabras, tejedor de pergaminos, capador de ranas, gran maestre de la órden del Mosto, graduado en la Universidad de Jauja, y primo en sesto grado por línea transversal de Baco.
=260  \\$aMadrid :$bImprenta de D.J. Marés, Corredera de San Pablo, núm. 27,$c1847.
=300  \\$a1 online resource
=336  \\$atext$2rdacontent
=337  \\$acomputer$2rdamedia
=338  \\$aonline resources$2rdacarrier
=500  \\$aThree separate illustrations at head of title.
=500  \\$aIn verse.
=500  \\$aCaption title.
=500  \\$aImprint from colophon.
=500  \\$a"Núm. 75."
=599  \\$aItem no. T23 in volume 11450.f.23.$5Uk
=533  \\$aElectronic Reproduction$bLondon$cBritish Library$d2012$nItem no. T23 in volume 11450.f.23.$5Uk
=650  \0$aReligious satire, Spanish.
=650  \0$aAlcohol
=650  \4$aSátira religiosa española.
=650  \4$aAlcohol.
=655  \7$aChapbooks$zSpain.$2rbgenr
=752  \\$aSpain$dMadrid.
=856  40$uhttp://cudl.lib.cam.ac.uk/view/PR-11450-F-00023-00023$yCambridge Digital Library
=859  \\$aXLD$bCambridge Digital Library
=CAT  \\$aWR14_159$b00$c20141016$lBLL01$h1655
=CAT  \\$aWR14_181$c20150323$lBLL01$h1403
=CAT  \\$aW1606-1753$c20171028$lBLL01$h1604
=SRC  \\$aBLWrongdoing
=LAS  \\$aW1606-1753$b00$c20171028$lBLL01$h1604

