=LDR  02564 am a2200553 a 4500
=001  016893631
=003  Uk
=005  20140530130021.0
=006  m\\\\||\\d\|\\\\\\
=007  cr\|||||||||||
=008  121019s1847\\\\sp\a\\\\o\\\\\000\p\spa\d
=FMT  \\$a  BK
=040  \\$aUkCU$beng$cUkCU$dUk
=245  00$aRosaura la del guante :$bRelacion de los varios lances que acaecieron en Sierra-Morena, á una dama llamada Rosaura, y á su amante don Antonio de Narvaez, naturales de la ciudad de Córdoba.
=246  30$aRelacion de los varios lances que acaecieron en Sierra-Morena, á una dama llamada Rosaura
=260  \\$aMadrid :$bImprenta de D. José M. Marés, Corredera de San Pablo, núm. 27,$c1847.
=300  \\$a1 online resource
=336  \\$atext$2rdacontent
=337  \\$acomputer$2rdamedia
=338  \\$aonline resources$2rdacarrier
=500  \\$aText printed in two columns.
=500  \\$aThree separate illustrations at head of title; second part with additional illustration at head of title.
=500  \\$aIn verse.
=500  \\$aCaption title.
=500  \\$aImprint from colophon.
=500  \\$a"Núm. 5."
=500  \\$aIn two parts. Part two has title: "De los sucesos amorosos de doña Rosaura y don Antonio de Narvaez : dase cuenta como sabiendo este que estaba en Madrid, fingió una carta, y tuvo maña para entregársela, y saliendo la dama, se la trajo á Córdoba, donde se desposaron ; con lo que da fin el suceso."
=599  \\$aItem no. T25 in volume 11450.f.23.$5Uk
=533  \\$aElectronic Reproduction$bLondon$cBritish Library$d2012$nItem no. T25 in volume 11450.f.23.$5Uk
=650  \4$aRosaura (Fictitious character)
=650  \4$aAntonio Narváez (Fictitious character)
=650  \4$aOsos.
=653  \1$aRosaura (Personaje ficticio)
=653  \1$aAntonio Narváez (Personaje ficticio)
=653  \0$aDesacuerdo familiar.
=653  \0$aInfamia.
=655  \7$aChapbooks$zSpain.$2rbgenr
=662  \\$aSpain$gSierra Morena$2lcsh-naf
=662  \\$aSpain$dMadrid$2lcsh-naf
=662  \\$aSpain$dCórdoba$2lcsh-naf
=740  02$aDe los sucesos amorosos de doña Rosaura y don Antonio de Narvaez.
=752  \\$aSpain$dMadrid.
=856  40$uhttp://cudl.lib.cam.ac.uk/view/PR-11450-F-00023-00025$yCambridge Digital Library
=859  \\$aXLD$bCambridge Digital Library
=CAT  \\$aWR14_159$b00$c20141016$lBLL01$h1655
=CAT  \\$aWR14_181$c20150323$lBLL01$h1403
=CAT  \\$aW1606-1753$c20171028$lBLL01$h1604
=SRC  \\$aBLWrongdoing
=LAS  \\$aW1606-1753$b00$c20171028$lBLL01$h1604

