=LDR  02393 am a2200529 a 4500
=001  016893633
=003  Uk
=005  20140317150103.0
=006  m\\\\||\\d\|\\\\\\
=007  cr\|||||||||||
=008  121019s1847\\\\sp\a\\\\o\\\\\000\p\spa\d
=FMT  \\$a  BK
=040  \\$aUkCU$beng$cUkCU$dUk
=043  \\$ae-sp---
=245  04$aLos bandidos de Toledo :$bCurioso y nuevo romance, en que se refiere la historia de los bandidos que habitaron los montes de Toledo, ejecutando en ellos notables atrocidades, con lo demás que verá el curioso lector : primera parte.
=246  30$aCurioso y nuevo romance, en que se refiere la historia de los bandidos que habitaron los montes de Toledo
=260  \\$aMadrid :$bImprenta de D. José M. Marés, Corredera baja de S. Pablo, núm. 27,$c1847.
=300  \\$a1 online resource
=336  \\$atext$2rdacontent
=337  \\$acomputer$2rdamedia
=338  \\$aonline resources$2rdacarrier
=500  \\$aText printed in two columns.
=500  \\$aTwo separate illustrations at head of title; second part with additional illustration at head of title.
=500  \\$aIn verse.
=500  \\$aCaption title.
=500  \\$aImprint from colophon.
=500  \\$a"Núm. 13."
=500  \\$a"Canción nueva del pirata": p. [8].
=500  \\$aIn two parts. Part two has title: "Segunda parte, en que se dá fin á la historia de los bandidos que habitaron los montes de Toledo."
=599  \\$aItem no. T27 in volume 11450.f.23.$5Uk
=533  \\$aElectronic Reproduction$bLondon$cBritish Library$d2012$nItem no. T27 in volume 11450.f.23.$5Uk
=650  \0$aBrigands and robbers$zSpain$zToledo.
=650  \0$aViolent crimes.
=650  \4$aBandoleros$zEspaña$zToledo.
=650  \4$aDelitos violentos.
=655  \7$aChapbooks$zSpain.$2rbgenr
=662  \\$aSpain$dToledo$2lcsh-naf
=740  02$aSegunda parte, en que se dá fin á la historia de los bandidos que habitaron los montes de Toledo.
=740  02$aCanción nueva del pirata.
=752  \\$aSpain$dMadrid.
=856  40$uhttp://cudl.lib.cam.ac.uk/view/PR-11450-F-00023-00027$yCambridge Digital Library
=859  \\$aXLD$bCambridge Digital Library
=CAT  \\$aWR14_159$b00$c20141016$lBLL01$h1655
=CAT  \\$aWR14_181$c20150323$lBLL01$h1403
=CAT  \\$aW1606-1753$c20171028$lBLL01$h1604
=SRC  \\$aBLWrongdoing
=LAS  \\$aW1606-1753$b00$c20171028$lBLL01$h1604

