=LDR  02022 am a2200517 a 4500
=001  016893634
=003  Uk
=005  20140530130515.0
=006  m\\\\||\\d\|\\\\\\
=007  cr\|||||||||||
=008  121019s1847\\\\sp\a\\\\o\\\\\000\1\spa\\
=FMT  \\$a  BK
=040  \\$aUkCU$beng$cUkCU$dUk
=245  00$aNuevo y horroroso romance, en que se declara la maldad y tiranía que ha ejecutado una hija dando muerte á su madre, y viendo que no podia lograr el intento que pretendía, dió muerte á su marido y á una niña que ella tenía, echando la culpa á su padre, el cual ha sido sentenciado por culpa de ella :$bcon lo demas que verá el lector : primera parte.
=260  \\$aMadrid :$bImprenta de D. José Marés, Relatores, núm. 17,$c1852.
=300  \\$a1 online resource
=336  \\$atext$2rdacontent
=337  \\$acomputer$2rdamedia
=338  \\$aonline resources$2rdacarrier
=500  \\$aText printed in two columns.
=500  \\$aIllustration at head of title.
=500  \\$aIn verse.
=500  \\$aCaption title.
=500  \\$aImprint from colophon.
=500  \\$a"Núm. 191."
=500  \\$aIn two parts.
=599  \\$aItem no. T28 in volume 11450.f.23.$5Uk
=533  \\$aElectronic Reproduction$bLondon$cBritish Library$d2012$nItem no. T28 in volume 11450.f.23.$5Uk
=650  \0$aParricide.
=650  \0$aInfanticide.
=650  \0$aMurder.
=650  \0$aAtrocities.
=650  \4$aParricidio.
=650  \4$aInfanticidio.
=650  \4$aAsesinato.
=650  \4$aAtrocidades.
=655  \7$aChapbooks$zSpain.$2rbgenr
=662  \\$aSpain$dCastellón de la Plana$2lcsh-naf
=752  \\$aSpain$dMadrid.
=856  40$uhttp://cudl.lib.cam.ac.uk/view/PR-11450-F-00023-00028$yCambridge Digital Library
=859  \\$aXLD$bCambridge Digital Library
=CAT  \\$aWR14_159$b00$c20141016$lBLL01$h1655
=CAT  \\$aWR14_181$c20150323$lBLL01$h1403
=CAT  \\$aW1606-1753$c20171028$lBLL01$h1604
=SRC  \\$aBLWrongdoing
=LAS  \\$aW1606-1753$b00$c20171028$lBLL01$h1604

