=LDR  01858 am a2200457 a 4500
=001  016893636
=003  Uk
=005  20130729141350.0
=006  m\\\\||\\d\|\\\\\\
=007  cr\|||||||||||
=008  121019q18421859sp\a\\\\o\\\\\000\0\spa\\
=FMT  \\$a  BK
=040  \\$aUkCU$beng$cUkCU$dUk
=245  03$aEl mozo soltero :$bNueva relacion en que se manifiestan los inconvenientes y obligaciones que contraen y deben tener presentes todos los que tratan de casarse.
=246  30$aNueva relacion en que se manifiestan los inconvenientes y obligaciones que contraen y deben tener presentes todos los que tratan de casarse
=260  \\$aMadrid :$bImprenta de á cargo de José M. Marés, plaza de la Cebada, núm. 96,$c[between 1842 and 1859?]
=300  \\$a1 online resource
=336  \\$atext$2rdacontent
=337  \\$acomputer$2rdamedia
=338  \\$aonline resources$2rdacarrier
=500  \\$aText printed in two columns.
=500  \\$aIn verse.
=500  \\$aIllustration at head of title.
=500  \\$aCaption title.
=500  \\$aImprint from colophon.
=500  \\$a"Núm. 89."
=599  \\$aItem no. T30 in volume 11450.f.23.$5Uk
=533  \\$aElectronic Reproduction$bLondon$cBritish Library$d2012$nItem no. T30 in volume 11450.f.23.$5Uk
=650  \0$aSatire, Spanish.
=650  \0$aMarriage$xSocial aspects.
=650  \4$aSátira española.
=650  \4$aMatrimonio$xAspectos sociales.
=655  \7$aChapbooks$zSpain.$2rbgenr
=752  \\$aSpain$dMadrid.
=856  40$uhttp://cudl.lib.cam.ac.uk/view/PR-11450-F-00023-00030$yCambridge Digital Library
=859  \\$aXLD$bCambridge Digital Library
=CAT  \\$aWR14_159$b00$c20141016$lBLL01$h1655
=CAT  \\$aWR14_181$c20150323$lBLL01$h1403
=CAT  \\$aW1606-1753$c20171028$lBLL01$h1604
=SRC  \\$aBLWrongdoing
=LAS  \\$aW1606-1753$b00$c20171028$lBLL01$h1604

