=LDR  02245 am a2200517 a 4500
=001  016893637
=003  Uk
=005  20140530130703.0
=006  m\\\\||\\d\|\\\\\\
=007  cr\|||||||||||
=008  121019s1853\\\\sp\a\\\\o\\\\\000\0\spa\\
=FMT  \\$a  BK
=040  \\$aUkCU$beng$cUkCU$dUk
=245  00$aMarcos de Cabra :$bNueva relacion y divertido romance en que se refiere el trágico casamiento de este pobre hombre, vecino de Guadarrama, que despues de unas alegres bodas, esperimento á pocos meses tanta multitud de partos en su casa, que por asistir á ellos no pudo comer ni descansar en todo el dia : Dase cuenta de su grande aflccion [sic], y otras muchas circunstancias que verá el curioso lector.
=246  30$aNueva relacion y divertido romance en que se refiere el trágico casamiento de este pobre hombre, vecino de Guadarrama
=260  \\$aMadrid :$bImprenta de D. José María Marés, calle de Relatores, núm. 17,$c1853.
=300  \\$a1 online resource
=336  \\$atext$2rdacontent
=337  \\$acomputer$2rdamedia
=338  \\$aonline resources$2rdacarrier
=500  \\$aText printed in two columns.
=500  \\$aTwo separate illustrations at head of title.
=500  \\$aIn verse.
=500  \\$aCaption title.
=500  \\$aImprint from colophon.
=500  \\$a"Núm. 117."
=599  \\$aItem no. T31 in volume 11450.f.23.$5Uk
=533  \\$aElectronic Reproduction$bLondon$cBritish Library$d2012$nItem no. T31 in volume 11450.f.23.$5Uk
=650  \4$aMarcos de Cabra (Fictitious character)
=650  \0$aWeddings.
=650  \0$aChildbirth.
=650  \0$aParturition.
=650  \4$aBodas.
=650  \4$aParto.
=650  \4$aAnimales$xParto.
=653  \1$aMarcos de Cabra (Personaje ficticio)
=655  \7$aChapbooks$zSpain.$2rbgenr
=662  \\$aSpain$gGuadarrama Mountains$2lcsh-naf
=752  \\$aSpain$dMadrid.
=856  40$uhttp://cudl.lib.cam.ac.uk/view/PR-11450-F-00023-00031$yCambridge Digital Library
=859  \\$aXLD$bCambridge Digital Library
=CAT  \\$aWR14_159$b00$c20141016$lBLL01$h1655
=CAT  \\$aWR14_181$c20150323$lBLL01$h1403
=CAT  \\$aW1606-1753$c20171028$lBLL01$h1604
=SRC  \\$aBLWrongdoing
=LAS  \\$aW1606-1753$b00$c20171028$lBLL01$h1604

