=LDR  01983 am a2200469 a 4500
=001  016893638
=003  Uk
=005  20140530130417.0
=006  m\\\\||\\d\|\\\\\\
=007  cr\|||||||||||
=008  121026s1853\\\\sp\a\\\\o\\\\\000\0\spa\\
=FMT  \\$a  BK
=040  \\$aUkCU$beng$cUkCU$dUk
=245  00$aProdigioso milagro que en Sierra Nevada ha hecho la Virgen de las Angustias el dia 30 de marzo del corriente año, devolviendo un hijo á su madre al cabo de siete años de llorarlo por muerto :$bcon los grandes remordimientos de la jóven Joaquina, el horroroso castigo que le dió el cielo á su seductor, y algunas otras cosas que ocurrieron.
=260  \\$aMadrid :$bImprenta de D. José Marés, calle de Relatores, núm. 17,$c1853.
=300  \\$a1 online resource
=336  \\$atext$2rdacontent
=337  \\$acomputer$2rdamedia
=338  \\$aonline resources$2rdacarrier
=500  \\$aText printed in two columns.
=500  \\$aIn verse.
=500  \\$aIllustration at head of title; additional illustration at foot of p. [4].
=500  \\$aCaption title.
=500  \\$aImprint from colophon.
=500  \\$a"Núm. 220."
=599  \\$aItem no. T32 in volume 11450.f.23.$5Uk
=533  \\$aElectronic Reproduction$bLondon$cBritish Library$d2012$nItem no. T32 in volume 11450.f.23.$5Uk
=650  \0$aMiracles.
=650  \0$aChristian literature, Spanish.
=650  \4$aMilagros.
=650  \4$aLiteratura religiosa española.
=655  \7$aChapbooks$zSpain.$2rbgenr
=662  \\$aSpain$gSierra Nevada$2lcsh-naf
=662  \\$aSpain$dGranada$2lcsh-naf
=752  \\$aSpain$dMadrid.
=856  40$uhttp://cudl.lib.cam.ac.uk/view/PR-11450-F-00023-00032$yCambridge Digital Library
=859  \\$aXLD$bCambridge Digital Library
=CAT  \\$aWR14_159$b00$c20141016$lBLL01$h1655
=CAT  \\$aWR14_181$c20150323$lBLL01$h1403
=CAT  \\$aW1606-1753$c20171028$lBLL01$h1604
=SRC  \\$aBLWrongdoing
=LAS  \\$aW1606-1753$b00$c20171028$lBLL01$h1604

