=LDR  01911 am a2200469 a 4500
=001  016893645
=003  Uk
=005  20140321144509.0
=006  m\\\\||\\d\|\\\\\\
=007  cr\|||||||||||
=008  121026s1854\\\\sp\a\\\\o\\\\\000\0\spa\\
=FMT  \\$a  BK
=040  \\$aUkCU$beng$cUkCU$dUk
=245  00$aDecimas nuevas de la sagrada pasion y muerte, resurreccion y ascension gloriosa á los cielos de Nuestro Señor Jesucristo :$bcon otras místicas y contemplativas.
=260  \\$aMadrid :$bImprenta de D. José Maria Marés, calle de Relatores, núm. 17,$c1854.
=300  \\$a1 online resource
=336  \\$atext$2rdacontent
=337  \\$acomputer$2rdamedia
=338  \\$aonline resources$2rdacarrier
=500  \\$aText printed in two columns.
=500  \\$aIn verse.
=500  \\$aIllustration at head of title.
=500  \\$aCaption title.
=500  \\$aImprint from colophon.
=500  \\$a"Núm. 237."
=500  \\$a"Trovos místicos, dolorosa despedida de nuestro divino redentor Jesus y su santísima madre": p. [4].
=599  \\$aItem no. T39 in volume 11450.f.23.$5Uk
=533  \\$aElectronic Reproduction$bLondon$cBritish Library$d2012$nItem no. T39 in volume 11450.f.23.$5Uk
=600  00$aJesus Christ.
=650  \0$aChristian literature, Spanish.
=600  04$aJesucristo.
=650  \4$aLiteratura religiosa española.
=655  \7$aChapbooks$zSpain.$2rbgenr
=740  02$aTrovos místicos, dolorosa despedida de nuestro divino redentor Jesus y su santísima madre.
=752  \\$aSpain$dMadrid.
=856  40$uhttp://cudl.lib.cam.ac.uk/view/PR-11450-F-00023-00039$yCambridge Digital Library
=859  \\$aXLD$bCambridge Digital Library
=CAT  \\$aWR14_159$b00$c20141016$lBLL01$h1655
=CAT  \\$aWR14_181$c20150323$lBLL01$h1403
=CAT  \\$aW1606-1753$c20171028$lBLL01$h1604
=SRC  \\$aBLWrongdoing
=LAS  \\$aW1606-1753$b00$c20171028$lBLL01$h1604

