=LDR  02631 am a2200517 a 4500
=001  016893646
=003  Uk
=005  20140530130751.0
=006  m\\\\||\\d\|\\\\\\
=007  cr\|||||||||||
=008  121026s1854\\\\sp\a\\\\o\\\\\000\0\spa\\
=FMT  \\$a  BK
=040  \\$aUkCU$beng$cUkCU$dUk
=245  03$aLa gran victoria que tuvo Don Juan de Austria contra la armada turquesa en el golfo de Lepanto á 7 de octubre de 1571, dividida en tres famosos romances :$bel primero cuando partió don Juan del reino de Sicilia con toda la armada en busca de la del turco : el segundo, el presente que envió el turco al señor don Juan : el tercero, otro presente que hizo el señor don Juan al turco, con muy sabias respuestas.
=260  \\$aMadrid :$bImprenta de D. José Maria Marés, calle de Relatores, núm. 17,$c1854.
=300  \\$a1 online resource
=336  \\$atext$2rdacontent
=337  \\$acomputer$2rdamedia
=338  \\$aonline resources$2rdacarrier
=500  \\$aText printed in two columns.
=500  \\$aIn verse.
=500  \\$aIllustration at head of title; part two with additional illustration at head of title.
=500  \\$aCaption title.
=500  \\$aImprint from colophon.
=500  \\$aThe initial letter of the words "tercero" and "sabias" are not aligned.
=500  \\$a"Núm. 68."
=500  \\$aIn three parts. Part two has title: "Carta y presente que por medio de un embajador y gran comitiva envió el Sultan á Don Juan de Austria" ; part three has title: "De la respuesta que dió don Juan de Austria al gran turco."
=599  \\$aItem no. T40 in volume 11450.f.23.$5Uk
=533  \\$aElectronic Reproduction$bLondon$cBritish Library$d2012$nItem no. T40 in volume 11450.f.23.$5Uk
=600  00$aJohn,$cof Austria,$d1547-1578.
=650  \0$aLepanto, Battle of, Greece, 1571.
=650  \4$aLepanto, Batalla de, Grecia, 1571
=653  \1$aJuan, de Austria, 1547-1578.
=655  \7$aChapbooks$zSpain.$2rbgenr
=662  \\$aItaly$dSicily$2lcsh-naf
=662  \\$aTurkey$2lcsh-naf
=740  02$aCarta y presente que por medio de un embajador y gran comitiva envió el Sultan á Don Juan de Austria.
=740  02$aDe la respuesta que dió don Juan de Austria al gran turco.
=752  \\$aSpain$dMadrid.
=856  40$uhttp://cudl.lib.cam.ac.uk/view/PR-11450-F-00023-00040$yCambridge Digital Library
=859  \\$aXLD$bCambridge Digital Library
=CAT  \\$aWR14_159$b00$c20141016$lBLL01$h1655
=CAT  \\$aWR14_181$c20150323$lBLL01$h1403
=CAT  \\$aW1606-1753$c20171028$lBLL01$h1604
=SRC  \\$aBLWrongdoing
=LAS  \\$aW1606-1753$b00$c20171028$lBLL01$h1604

