=LDR  01831 am a2200505 a 4500
=001  016893648
=003  Uk
=005  20140530131023.0
=006  m\\\\||\\d\|\\\\\\
=007  cr\|||||||||||
=008  121026s1854\\\\sp\a\\\\o\\\\\000\0\spa\\
=FMT  \\$a  BK
=040  \\$aUkCU$beng$cUkCU$dUk
=245  00$aDomingo Perdigon y consorte :$bDécimas compuestas por un reo condenado á muerte.
=246  30$aDécimas compuestas por un reo condenado á muerte
=260  \\$aMadrid :$bSe hallará en la plazuela de la Cebada, núm. 96,$c1854.
=300  \\$a1 online resource
=336  \\$atext$2rdacontent
=337  \\$acomputer$2rdamedia
=338  \\$aonline resources$2rdacarrier
=500  \\$aText printed in two columns.
=500  \\$aIn verse.
=500  \\$aTwo separate illustrations at head of title.
=500  \\$aCaption title.
=500  \\$aImprint from colophon.
=500  \\$a"Núm. 226."
=500  \\$a"Testamento que hizo el reo estando en capilla": p. [4].
=599  \\$aItem no. T42 in volume 11450.f.23.$5Uk
=533  \\$aElectronic Reproduction$bLondon$cBritish Library$d2012$nItem no. T42 in volume 11450.f.23.$5Uk
=650  \0$aBrigands and robbers.
=650  \0$aPunishment.
=650  \4$aBandoleros.
=650  \4$aPenas.
=653  \0$aVerdugos.
=655  \7$aChapbooks$zSpain.$2rbgenr
=662  \\$aSpain$dGranada$2lcsh-naf
=740  02$aTestamento que hizo el reo estando en capilla.
=752  \\$aSpain$dMadrid.
=856  40$uhttp://cudl.lib.cam.ac.uk/view/PR-11450-F-00023-00042$yCambridge Digital Library
=859  \\$aXLD$bCambridge Digital Library
=CAT  \\$aWR14_159$b00$c20141016$lBLL01$h1655
=CAT  \\$aWR14_181$c20150323$lBLL01$h1403
=CAT  \\$aW1606-1753$c20171028$lBLL01$h1604
=SRC  \\$aBLWrongdoing
=LAS  \\$aW1606-1753$b00$c20171028$lBLL01$h1604

