=LDR  01652 am a2200457 a 4500
=001  016893649
=003  Uk
=005  20131206143141.0
=006  m\\\\||\\d\|\\\\\\
=007  cr\|||||||||||
=008  121026s1854\\\\sp\a\\\\o\\\\\000\0\spa\\
=FMT  \\$a  BK
=040  \\$aUkCU$beng$cUkCU$dUk
=245  00$aRelación histórica de la gloriosa virgen y martir Santa Filomena.
=246  30$aSanta Filomena
=260  \\$aMadrid :$bImprenta de D. José Maria Marés, calle de Relatores, núm. 17,$c1854.
=300  \\$a1 online resource
=336  \\$atext$2rdacontent
=337  \\$acomputer$2rdamedia
=338  \\$aonline resources$2rdacarrier
=500  \\$aText printed in two columns.
=500  \\$aIn verse.
=500  \\$aIllustration at head of title; additional illustration at foot of p. [4]..
=500  \\$aCaption title.
=500  \\$aImprint from colophon.
=500  \\$a"Núm. 154."
=599  \\$aItem no. T43 in volume 11450.f.23.$5Uk
=533  \\$aElectronic Reproduction$bLondon$cBritish Library$d2012$nItem no. T43 in volume 11450.f.23.$5Uk
=600  00$aPhilomena.
=600  04$aFilomena.
=650  \0$aChristian literature, Spanish.
=650  \4$aLiteratura religiosa española.
=655  \7$aChapbooks$zSpain.$2rbgenr
=752  \\$aSpain$dMadrid.
=856  40$uhttp://cudl.lib.cam.ac.uk/view/PR-11450-F-00023-00043$yCambridge Digital Library
=859  \\$aXLD$bCambridge Digital Library
=CAT  \\$aWR14_159$b00$c20141016$lBLL01$h1655
=CAT  \\$aWR14_181$c20150323$lBLL01$h1403
=CAT  \\$aW1606-1753$c20171028$lBLL01$h1604
=SRC  \\$aBLWrongdoing
=LAS  \\$aW1606-1753$b00$c20171028$lBLL01$h1604

