=LDR  01681 am a2200445 a 4500
=001  016893652
=003  Uk
=005  20130830142554.0
=006  m\\\\||\\d\|\\\\\\
=007  cr\|||||||||||
=008  121026q18421859sp\a\\\\o\\\\\000\0\spa\\
=FMT  \\$a  BK
=040  \\$aUkCU$beng$cUkCU$dUk
=043  \\$ae-sp---
=245  00$aColeccion de canciones andaluzas :$bpara cantar al estilo del dia.
=260  \\$aMadrid :$bSe hallará en la plazuela de la Cebada, no. 96,$c[between 1842 and 1859?]
=300  \\$a1 online resource
=336  \\$atext$2rdacontent
=337  \\$acomputer$2rdamedia
=338  \\$aonline resources$2rdacarrier
=500  \\$aText printed in two columns.
=500  \\$aIn verse.
=500  \\$aIllustration at head of title; additional illustrations at head of pages [3-4].
=500  \\$aCaption title.
=500  \\$aImprint from colophon.
=500  \\$a"Núm. 227."
=505  0\$aEl tango americano -- La Pepita -- La gitaniya mendiga.
=599  \\$aItem no. T3 in volume 11450.f.24.$5Uk
=533  \\$aElectronic Reproduction$bLondon$cBritish Library$d2012$nItem no. T3 in volume 11450.f.24.$5Uk
=650  \0$aSongs, Spanish$zSpain$zAndalusia.
=653  \0$aCanciones españolas--España--Andalucía.
=655  \7$aChapbooks$zSpain.$2rbgenr
=752  \\$aSpain$dMadrid.
=856  40$uhttp://cudl.lib.cam.ac.uk/view/PR-11450-F-00024-00003$yCambridge Digital Library
=859  \\$aXLD$bCambridge Digital Library
=CAT  \\$aWR14_159$b00$c20141016$lBLL01$h1655
=CAT  \\$aWR14_181$c20150323$lBLL01$h1403
=CAT  \\$aW1606-1753$c20171028$lBLL01$h1604
=SRC  \\$aBLWrongdoing
=LAS  \\$aW1606-1753$b00$c20171028$lBLL01$h1604

