=LDR  01561 am a2200445 a 4500
=001  016893655
=003  Uk
=005  20140530123247.0
=006  m\\\\||\\d\|\\\\\\
=007  cr\|||||||||||
=008  121026s1855\\\\sp\a\\\\o\\\\\000\0\spa\\
=FMT  \\$a  BK
=040  \\$aUkCU$beng$cUkCU$dUk
=245  00$aDécimas chistosas :$bpara cantar los aficionados.
=260  \\$aMadrid :$bImprenta á cargo de José M. Marés, plazuela de la Cebada, núm. 96,$c1855.
=300  \\$a1 online resource
=336  \\$atext$2rdacontent
=337  \\$acomputer$2rdamedia
=338  \\$aonline resources$2rdacarrier
=500  \\$aText printed in two columns.
=500  \\$aIn verse.
=500  \\$aIllustration at head of title.
=500  \\$aCaption title.
=500  \\$aImprint from colophon.
=500  \\$a"Núm. 223."
=599  \\$aItem no. T6 in volume 11450.f.24.$5Uk
=533  \\$aElectronic Reproduction$bLondon$cBritish Library$d2012$nItem no. T6 in volume 11450.f.24.$5Uk
=650  \0$aSongs, Spanish$vTexts.
=650  \0$aCourtship.
=650  \4$aCortejo amoroso.
=653  \0$aCanciones españolas--Textos.
=655  \7$aChapbooks$zSpain.$2rbgenr
=752  \\$aSpain$dMadrid.
=856  40$uhttp://cudl.lib.cam.ac.uk/view/PR-11450-F-00024-00006$yCambridge Digital Library
=859  \\$aXLD$bCambridge Digital Library
=CAT  \\$aWR14_159$b00$c20141016$lBLL01$h1655
=CAT  \\$aWR14_181$c20150323$lBLL01$h1403
=CAT  \\$aW1606-1753$c20171028$lBLL01$h1604
=SRC  \\$aBLWrongdoing
=LAS  \\$aW1606-1753$b00$c20171028$lBLL01$h1604

