=LDR  02159 am a2200469 a 4500
=001  016893657
=003  Uk
=005  20140530123219.0
=006  m\\\\||\\d\|\\\\\\
=007  cr\|||||||||||
=008  121026s1855\\\\sp\a\\\\o\\\\\000\0\spa\\
=FMT  \\$a  BK
=040  \\$aUkCU$beng$cUkCU$dUk
=245  03$aLa desgraciada Ginesa :$bNueva relacion en que se da cuenta del admirable prodigio que ha obrado su Divina Magestad por intercesion de la Santísima Madre Ntra. Señora de Monserrat con una muger, que por no haber querido criar á un hermano suyo se le agarraron en sus pechos dos espíritus malignos en figura de culebras : y por una devota rogativa que hizo su padre, y el verdadero arrepentimiento de ella, se vió libre de tan terrible castigo.
=246  30$aNueva relacion en que se da cuenta del admirable prodigio que ha obrado su Divina Magestad por intercesion de la Santísima Madre Ntra. Señora de Monserrat con una muger
=260  \\$aMadrid :$bSe hallará en la plazuela de la Cebada, núm. 96,$c1855.
=300  \\$a1 online resource
=336  \\$atext$2rdacontent
=337  \\$acomputer$2rdamedia
=338  \\$aonline resources$2rdacarrier
=500  \\$aText printed in two columns.
=500  \\$aIn verse.
=500  \\$aTwo separate illustrations at head of title.
=500  \\$aCaption title.
=500  \\$aImprint from colophon.
=500  \\$a"Núm. 175."
=599  \\$aItem no. T8 in volume 11450.f.24.$5Uk
=533  \\$aElectronic Reproduction$bLondon$cBritish Library$d2012$nItem no. T8 in volume 11450.f.24.$5Uk
=650  \0$aJudgment of God.
=650  \0$aChristianity and justice.
=650  \4$aSerpientes.
=650  \4$aDemonio.
=653  \0$aJusticia divina.
=655  \7$aChapbooks$zSpain.$2rbgenr
=752  \\$aSpain$dMadrid.
=856  40$uhttp://cudl.lib.cam.ac.uk/view/PR-11450-F-00024-00008$yCambridge Digital Library
=859  \\$aXLD$bCambridge Digital Library
=CAT  \\$aWR14_159$b00$c20141016$lBLL01$h1655
=CAT  \\$aWR14_181$c20150323$lBLL01$h1403
=CAT  \\$aW1606-1753$c20171028$lBLL01$h1604
=SRC  \\$aBLWrongdoing
=LAS  \\$aW1606-1753$b00$c20171028$lBLL01$h1604

