=LDR  01901 am a2200457 a 4500
=001  016893662
=003  Uk
=005  20130905161924.0
=006  m\\\\||\\d\|\\\\\\
=007  cr\|||||||||||
=008  121029s1858\\\\sp\a\\\\o\\\\\000\0\spa\\
=FMT  \\$a  BK
=040  \\$aUkCU$beng$cUkCU$dUk
=245  00$aPapel curioso y divertido de la cosecha de criadas que hay en el dia.
=246  30$aCosecha de criadas que hay en el dia
=260  \\$aMadrid :$bSe hallará de venta en la plaza de la Cebada, núm. 96,$c1858.
=300  \\$a1 online resource
=336  \\$atext$2rdacontent
=337  \\$acomputer$2rdamedia
=338  \\$aonline resources$2rdacarrier
=500  \\$aText printed in two columns.
=500  \\$aIn verse.
=500  \\$aIllustration at head of title; two additional illustrations at head of p. [3].
=500  \\$aCaption title.
=500  \\$aImprint from colophon.
=500  \\$a"Núm. 238."
=500  \\$a"Relacion curiosa en que se descubren los medios que tienen los criados para hacer la sisa y el modo con que murmuran de sus amos": p. [3-4].
=599  \\$aItem no. T13 in volume 11450.f.24.$5Uk
=533  \\$aElectronic Reproduction$bLondon$cBritish Library$d2012$nItem no. T13 in volume 11450.f.24.$5Uk
=650  \0$aHousehold employees.
=650  \4$aEmpleados domésticos.
=655  \7$aChapbooks$zSpain.$2rbgenr
=740  02$aRelacion curiosa en que se descubren los medios que tienen los criados para hacer la sisa y el modo con que murmuran de sus amos.
=752  \\$aSpain$dMadrid.
=856  40$uhttp://cudl.lib.cam.ac.uk/view/PR-11450-F-00024-00013$yCambridge Digital Library
=859  \\$aXLD$bCambridge Digital Library
=CAT  \\$aWR14_159$b00$c20141016$lBLL01$h1655
=CAT  \\$aWR14_181$c20150323$lBLL01$h1403
=CAT  \\$aW1606-1753$c20171028$lBLL01$h1604
=SRC  \\$aBLWrongdoing
=LAS  \\$aW1606-1753$b00$c20171028$lBLL01$h1604

