=LDR  01793 am a2200433 a 4500
=001  016893663
=003  Uk
=005  20131211172749.0
=006  m\\\\||\\d\|\\\\\\
=007  cr\|||||||||||
=008  121029s1855\\\\sp\a\\\\o\\\\\000\0\spa\\
=FMT  \\$a  BK
=040  \\$aUkCU$beng$cUkCU$dUk
=245  10$aTeresa Mojarro y Gangarrilla :$bChasco gracioso que dió una vieja á un mancebo, dándole una sobrina suya por doncella, la que sin otras faltas que tenia, era tuerta, tiñosa y calva /$ccompuesto por un capador de grillos, cardador de lana de tortugas, en este presente año.
=246  30$aChasco gracioso que dió una vieja á un mancebo
=260  \\$aMadrid :$bImprenta de José María Marés, plazuela de la Cebada, núm. 96,$c1855.
=300  \\$a1 online resource
=336  \\$atext$2rdacontent
=337  \\$acomputer$2rdamedia
=338  \\$aonline resources$2rdacarrier
=500  \\$aText printed in two columns.
=500  \\$aIn verse.
=500  \\$aTwo separate illustrations at head of title.
=500  \\$aCaption title.
=500  \\$aImprint from colophon.
=500  \\$a"Núm. 61."
=599  \\$aItem no. T14 in volume 11450.f.24.$5Uk
=533  \\$aElectronic Reproduction$bLondon$cBritish Library$d2012$nItem no. T14 in volume 11450.f.24.$5Uk
=650  \0$aSatire, Spanish.
=650  \4$aSátira española.
=655  \7$aChapbooks$zSpain.$2rbgenr
=752  \\$aSpain$dMadrid.
=856  40$uhttp://cudl.lib.cam.ac.uk/view/PR-11450-F-00024-00014$yCambridge Digital Library
=859  \\$aXLD$bCambridge Digital Library
=CAT  \\$aWR14_159$b00$c20141016$lBLL01$h1655
=CAT  \\$aWR14_181$c20150323$lBLL01$h1403
=CAT  \\$aW1606-1753$c20171028$lBLL01$h1604
=SRC  \\$aBLWrongdoing
=LAS  \\$aW1606-1753$b00$c20171028$lBLL01$h1604

