=LDR  01496 am a2200457 a 4500
=001  016893667
=003  Uk
=005  20140530122947.0
=006  m\\\\||\\d\|\\\\\\
=007  cr\|||||||||||
=008  121029s1856\\\\sp\a\\\\o\\\\\000\0\spa\\
=FMT  \\$a  BK
=040  \\$aUkCU$beng$cUkCU$dUk
=245  00$aRelacion del gitano de Cartagena.
=260  \\$aMadrid :$bSe hallará en la plazuela de la Cebada, n.° 96,$c1856.
=300  \\$a1 online resource
=336  \\$atext$2rdacontent
=337  \\$acomputer$2rdamedia
=338  \\$aonline resources$2rdacarrier
=500  \\$aIn verse.
=500  \\$aIllustration at head of title.
=500  \\$aCaption title.
=500  \\$aImprint from colophon.
=500  \\$a"Núm. 200."
=599  \\$aItem no. T18 in volume 11450.f.24.$5Uk
=533  \\$aElectronic Reproduction$bLondon$cBritish Library$d2012$nItem no. T18 in volume 11450.f.24.$5Uk
=650  \0$aRomanies.
=650  \0$aTheft.
=650  \4$aGitanos.
=650  \4$aRobo.
=650  \4$aPrisiones.
=655  \7$aChapbooks$zSpain.$2rbgenr
=662  \\$aSpain$dCartagena$2lcsh-naf
=752  \\$aSpain$dMadrid.
=856  40$uhttp://cudl.lib.cam.ac.uk/view/PR-11450-F-00024-00018$yCambridge Digital Library
=859  \\$aXLD$bCambridge Digital Library
=CAT  \\$aWR14_159$b00$c20141016$lBLL01$h1655
=CAT  \\$aWR14_181$c20150323$lBLL01$h1403
=CAT  \\$aW1606-1753$c20171028$lBLL01$h1604
=SRC  \\$aBLWrongdoing
=LAS  \\$aW1606-1753$b00$c20171028$lBLL01$h1604

