=LDR  02391 am a2200481 a 4500
=001  016893668
=003  Uk
=005  20140530123020.0
=006  m\\\\||\\d\|\\\\\\
=007  cr\|||||||||||
=008  121029s1856\\\\sp\a\\\\o\\\\\000\0\spa\\
=FMT  \\$a  BK
=040  \\$aUkCU$beng$cUkCU$dUk
=245  00$aOracion y gozos de Santa Bárbara :$bOracion que dió un angel vestido de peregrino en el convento de Ntra. Sra. de la Peña de Crinta de la órden de S. Gerónimo, por las centellas que caian en él, matando tantos religiosos, que estuvieron resueltos á desamparar el convento : y desde que se puso en el campanario no han caido mas centellas.
=246  30$aOracion que dió un angel vestido de peregrino en el convento de Ntra. Sra. de la Peña de Crinta de la órden de S. Gerónimo
=260  \\$aMadrid :$bSe hallará en la plazuela de la Cebada, núm. 96,$c1856.
=300  \\$a1 online resource
=336  \\$atext$2rdacontent
=337  \\$acomputer$2rdamedia
=338  \\$aonline resources$2rdacarrier
=500  \\$aText printed in two columns.
=500  \\$aIn verse.
=500  \\$aIllustration incorporated within title; additional illustration on p. [3].
=500  \\$aCaption title.
=500  \\$aImprint from colophon.
=500  \\$a"Núm. 105."
=500  \\$a"Oracion á Santa Barbara virgen y martir, especial protectora contra rayos y centellas": p. [2].
=500  \\$a"Gozos á la gloriosa y bienaventurada vírgen y martir Santa Barbara": p. [3-4].
=599  \\$aItem no. T19 in volume 11450.f.24.$5Uk
=533  \\$aElectronic Reproduction$bLondon$cBritish Library$d2012$nItem no. T19 in volume 11450.f.24.$5Uk
=650  \0$aChristian literature, Spanish.
=650  \4$aLiteratura religiosa española.
=655  \7$aChapbooks$zSpain.$2rbgenr
=740  02$aOracion á Santa Barbara virgen y martir, especial protectora contra rayos y centellas.
=740  02$aGozos á la gloriosa y bienaventurada vírgen y martir Santa Barbara.
=752  \\$aSpain$dMadrid.
=856  40$uhttp://cudl.lib.cam.ac.uk/view/PR-11450-F-00024-00019$yCambridge Digital Library
=859  \\$aXLD$bCambridge Digital Library
=CAT  \\$aWR14_159$b00$c20141016$lBLL01$h1655
=CAT  \\$aWR14_181$c20150323$lBLL01$h1403
=CAT  \\$aW1606-1753$c20171028$lBLL01$h1604
=SRC  \\$aBLWrongdoing
=LAS  \\$aW1606-1753$b00$c20171028$lBLL01$h1604

