=LDR  01825 am a2200469 a 4500
=001  016893671
=003  Uk
=005  20140530123350.0
=006  m\\\\||\\d\|\\\\\\
=007  cr\|||||||||||
=008  121029s1856\\\\sp\a\\\\o\\\\\000\0\spa\\
=FMT  \\$a  BK
=040  \\$aUkCU$beng$cUkCU$dUk
=245  00$aCarta en décimas :$bque dirige un fiel amante ausente de su dama.
=260  \\$aMadrid :$bSe hallará de venta en la plaza de la Cebada, núm. 96,$c1856.
=300  \\$a1 online resource
=336  \\$atext$2rdacontent
=337  \\$acomputer$2rdamedia
=338  \\$aonline resources$2rdacarrier
=500  \\$aText printed in two columns.
=500  \\$aIn verse.
=500  \\$aIllustration at head of title.
=500  \\$aCaption title.
=500  \\$aImprint from colophon.
=500  \\$a"Núm. 155."
=500  \\$a"Contestacion de la dama en que manifiesta la constancia que le profesa á su amante á pesar de su ausencia": p. [3-4].
=599  \\$aItem no. T22 in volume 11450.f.24.$5Uk
=533  \\$aElectronic Reproduction$bLondon$cBritish Library$d2012$nItem no. T22 in volume 11450.f.24.$5Uk
=655  \7$aChapbooks$zSpain.$2rbgenr
=650  \0$aMan-woman relationships.
=650  \0$aCourtship.
=650  \4$aRelaciones hombre-mujer.
=650  \4$aCortejo amoroso.
=740  02$aContestacion de la dama en que manifiesta la constancia que le profesa á su amante á pesar de su ausencia.
=752  \\$aSpain$dMadrid.
=856  40$uhttp://cudl.lib.cam.ac.uk/view/PR-11450-F-00024-00022$yCambridge Digital Library
=859  \\$aXLD$bCambridge Digital Library
=CAT  \\$aWR14_159$b00$c20141016$lBLL01$h1655
=CAT  \\$aWR14_181$c20150323$lBLL01$h1403
=CAT  \\$aW1606-1753$c20171028$lBLL01$h1604
=SRC  \\$aBLWrongdoing
=LAS  \\$aW1606-1753$b00$c20171028$lBLL01$h1604

