=LDR  02315 am a2200541 a 4500
=001  016893672
=003  Uk
=005  20130211102616.0
=006  m\\\\||\\d\|\\\\\\
=007  cr\|||||||||||
=008  121029s1856\\\\sp\a\\\\o\\\\\000\0\spa\\
=FMT  \\$a  BK
=040  \\$aUkCU$beng$cUkCU$dUk
=245  00$aCarta de Pedro Chinchon a su amigo Paco Gil :$bCuriosa sátira en la que un amigo le pide á otro su parecer, sobre si debe casarse ó si le será mejor sentar plaza de soldado, esponiendo al mismo tiempo todos los motivos que tienen los hombres para casarse, y los que pueden alegar para no contraer matrimonio : primera parte, Carta de Pedro Chinchon.
=246  30$aCuriosa sátira en la que un amigo le pide á otro su parecer
=246  30$aCarta de Pedro Chinchon
=260  \\$aMadrid :$bImprenta á cargo de José M. Marés, plazuela de la Cebada, núm. 96,$c1856.
=300  \\$a1 online resource
=336  \\$atext$2rdacontent
=337  \\$acomputer$2rdamedia
=338  \\$aonline resources$2rdacarrier
=500  \\$aText printed in two columns.
=500  \\$aIn verse.
=500  \\$aIllustration at head of title.
=500  \\$aCaption title.
=500  \\$aImprint from colophon.
=500  \\$a"Núm. 57."
=500  \\$aIn two parts. Part two has title: "Respuesta de Paco Gil."
=599  \\$aItem no. T23 in volume 11450.f.24.$5Uk
=533  \\$aElectronic Reproduction$bLondon$cBritish Library$d2012$nItem no. T23 in volume 11450.f.24.$5Uk
=650  \4$aPedro Chinchon (Fictitious character)
=650  \4$aPaco Gil (Fictitious character)
=650  \0$aSatire, Spanish.
=650  \0$aMarriage$xSocial aspects.
=650  \4$aSátira española.
=650  \4$aMatrimonio$xAspectos sociales.
=653  \1$aPedro Chinchon (Personaje ficticio)
=653  \1$aPaco Gil (Personaje ficticio)
=655  \7$aChapbooks$zSpain.$2rbgenr
=740  02$aRespuesta de Paco Gil.
=752  \\$aSpain$dMadrid.
=856  40$uhttp://cudl.lib.cam.ac.uk/view/PR-11450-F-00024-00023$yCambridge Digital Library
=859  \\$aXLD$bCambridge Digital Library
=CAT  \\$aWR14_159$b00$c20141016$lBLL01$h1655
=CAT  \\$aWR14_181$c20150323$lBLL01$h1403
=CAT  \\$aW1606-1753$c20171028$lBLL01$h1604
=SRC  \\$aBLWrongdoing
=LAS  \\$aW1606-1753$b00$c20171028$lBLL01$h1604

