=LDR  01965 am a2200517 a 4500
=001  016893682
=003  Uk
=005  20140530123014.0
=006  m\\\\||\\d\|\\\\\\
=007  cr\|||||||||||
=008  121101s1856\\\\sp\a\\\\o\\\\\000\0\spa\\
=FMT  \\$a  BK
=040  \\$aUkCU$beng$cUkCU$dUk
=245  03$aEl parto del gallego :$bSatirilla nueva, alegre y divertida para reir y pasar el tiempo, de lo que sucedió á un gallego en la ciudad de Cádiz, el cual ansioso de estar preñado, se llevó una solemne burla : como lo espresa este papel.
=246  30$aSatirilla nueva, alegre y divertida para reir y pasar el tiempo
=260  \\$aMadrid :$bSe hallará en la plazuela de la Cebada, núm. 96,$c1856.
=300  \\$a1 online resource
=336  \\$atext$2rdacontent
=337  \\$acomputer$2rdamedia
=338  \\$aonline resources$2rdacarrier
=500  \\$aText printed in two columns.
=500  \\$aIn verse.
=500  \\$aThree separate illustrations at head of title.
=500  \\$aCaption title.
=500  \\$aImprint from colophon.
=500  \\$a"Núm. 44."
=599  \\$aItem no. T33 in volume 11450.f.24.$5Uk
=533  \\$aElectronic Reproduction$bLondon$cBritish Library$d2012$nItem no. T33 in volume 11450.f.24.$5Uk
=650  \0$aSatire, Spanish.
=650  \0$aMale pregnancy.
=650  \0$aChildbirth.
=650  \0$aDeception.
=650  \4$aSátira española.
=650  \4$aParto.
=650  \4$aEngaño.
=653  \0$aEmbarazo masculino.
=655  \7$aChapbooks$zSpain.$2rbgenr
=662  \\$aSpain$dCádiz$2lcsh-naf
=752  \\$aSpain$dMadrid.
=856  40$uhttp://cudl.lib.cam.ac.uk/view/PR-11450-F-00024-00033$yCambridge Digital Library
=859  \\$aXLD$bCambridge Digital Library
=CAT  \\$aWR14_159$b00$c20141016$lBLL01$h1655
=CAT  \\$aWR14_181$c20150323$lBLL01$h1403
=CAT  \\$aW1606-1753$c20171028$lBLL01$h1604
=SRC  \\$aBLWrongdoing
=LAS  \\$aW1606-1753$b00$c20171028$lBLL01$h1604

