=LDR  01999 am a2200505 a 4500
=001  016893684
=003  Uk
=005  20130725140058.0
=006  m\\\\||\\d\|\\\\\\
=007  cr\|||||||||||
=008  121101q18421859sp\a\\\\o\\\\\000\0\spa\\
=FMT  \\$a  BK
=040  \\$aUkCU$beng$cUkCU$dUk
=245  03$aLa desgraciada Jacinta :$bSe da cuenta del castigo que Dios Nuestro Señor ha ejecutado con esta muger, por una horrible maldicion que se echó á sí misma despues de haber confesado y comulgado, con lo demas que verá el curioso lector : primera parte.
=246  30$aSe da cuenta del castigo que Dios Nuestro Señor ha ejecutado con esta muger
=260  \\$aMadrid :$bImprenta á cargo de José M. Marés, plaza de la Cebada, núm. 96,$c[between 1842 and 1859?]
=300  \\$a1 online resource
=336  \\$atext$2rdacontent
=337  \\$acomputer$2rdamedia
=338  \\$aonline resources$2rdacarrier
=500  \\$aText printed in two columns.
=500  \\$aIn verse.
=500  \\$aIllustration at head of title.
=500  \\$aCaption title.
=500  \\$aImprint from colophon.
=500  \\$aIn two parts.
=500  \\$a"Núm. 203."
=599  \\$aItem no. T35 in volume 11450.f.24.$5Uk
=533  \\$aElectronic Reproduction$bLondon$cBritish Library$d2012$nItem no. T35 in volume 11450.f.24.$5Uk
=650  \0$aTheft.
=650  \0$aJudgment of God.
=650  \0$aChristianity and justice.
=650  \4$aRobo.
=650  \4$aServicio doméstico.
=653  \0$aJusticia divina.
=655  \7$aChapbooks$zSpain.$2rbgenr
=662  \\$aSpain$dLogroño$2lcsh-naf
=752  \\$aSpain$dMadrid.
=856  40$uhttp://cudl.lib.cam.ac.uk/view/PR-11450-F-00024-00035$yCambridge Digital Library
=859  \\$aXLD$bCambridge Digital Library
=CAT  \\$aWR14_159$b00$c20141016$lBLL01$h1655
=CAT  \\$aWR14_181$c20150323$lBLL01$h1403
=CAT  \\$aW1606-1753$c20171028$lBLL01$h1604
=SRC  \\$aBLWrongdoing
=LAS  \\$aW1606-1753$b00$c20171028$lBLL01$h1604

