=LDR  02049 am a2200445 a 4500
=001  016893687
=003  Uk
=005  20140530123206.0
=006  m\\\\||\\d\|\\\\\\
=007  cr\|||||||||||
=008  121101s1856\\\\sp\a\\\\o\\\\\000\0\spa\\
=FMT  \\$a  BK
=040  \\$aUkCU$beng$cUkCU$dUk
=245  00$aDevota oracion a Maria Santisima del Pilar :$bprotectora y generala de los ejércitos de España, pues por llevarla consigo sus devotos se han concedido tres mil trescientos cuarenta días de indulgencia por varios señores arzobispos y obispos de España é Indias : y á los que devotamente rezaren una Ave-María y Salve ante esta soberana señora, poniendo su nombre y apellido.
=260  \\$aMadrid :$bSe hallará en la plazuela de la Cebada, núm. 96,$c1856.
=300  \\$a1 online resource
=336  \\$atext$2rdacontent
=337  \\$acomputer$2rdamedia
=338  \\$aonline resources$2rdacarrier
=500  \\$aText printed in two columns.
=500  \\$aIn verse.
=500  \\$aIllustrated title page.
=500  \\$aCaption title.
=500  \\$aImprint from colophon.
=500  \\$a"Núm. 136."
=500  \\$a"Oracion y piadoso coloquio entre Maria Santisima del Pilar y nuestro padre Jesus Nazareno": p. [2].
=599  \\$aItem no. T38 in volume 11450.f.24.$5Uk
=533  \\$aElectronic Reproduction$bLondon$cBritish Library$d2012$nItem no. T38 in volume 11450.f.24.$5Uk
=650  \0$aDevotional literature, Spanish
=650  \4$aLiteratura española devocional.
=655  \7$aChapbooks$zSpain.$2rbgenr
=740  02$aOracion y piadoso coloquio entre Maria Santisima del Pilar y nuestro padre Jesus Nazareno.
=752  \\$aSpain$dMadrid.
=856  40$uhttp://cudl.lib.cam.ac.uk/view/PR-11450-F-00024-00038$yCambridge Digital Library
=859  \\$aXLD$bCambridge Digital Library
=CAT  \\$aWR14_159$b00$c20141016$lBLL01$h1655
=CAT  \\$aWR14_181$c20150323$lBLL01$h1403
=CAT  \\$aW1606-1753$c20171028$lBLL01$h1604
=SRC  \\$aBLWrongdoing
=LAS  \\$aW1606-1753$b00$c20171028$lBLL01$h1604

