=LDR  02371 am a2200505 a 4500
=001  016893690
=003  Uk
=005  20140530123128.0
=006  m\\\\||\\d\|\\\\\\
=007  cr\|||||||||||
=008  121101s1856\\\\sp\a\\\\o\\\\\000\0\spa\\
=FMT  \\$a  BK
=040  \\$aUkCU$beng$cUkCU$dUk
=245  03$aLa fiera de Oporto :$bCaso notable y espantoso que ha sucedido en la ciudad de Oporto, reino de Portugal, con un animal fiero : dáse cuenta de como por la providencia divina arrebata diariamente los niños de las casas de sus padres sin hacerse visible, trasladándolos á una cueva de un monte : declárase tambien como al cabo de algunos dias se llegó á saber la causa de este fenómeno, por boca del mismo espíritu, que declaró ser disposicion divina en castigo por la mala educacion de los hijos.
=246  30$aCaso notable y espantoso que ha sucedido en la ciudad de Oporto, reino de Portugal, con un animal fiero
=260  \\$aReimpreso en Madrid :$bImprenta á cargo de José M. Marés, plazuela de la Cebada, n°. 96,$c1856.
=300  \\$a1 online resource
=336  \\$atext$2rdacontent
=337  \\$acomputer$2rdamedia
=338  \\$aonline resources$2rdacarrier
=500  \\$aText printed in two columns.
=500  \\$aIn verse.
=500  \\$aIllustration incorporated within title.
=500  \\$aCaption title.
=500  \\$aImprint from colophon.
=500  \\$a"Núm. 92."
=599  \\$aItem no. T41 in volume 11450.f.24.$5Uk
=533  \\$aElectronic Reproduction$bLondon$cBritish Library$d2012$nItem no. T41 in volume 11450.f.24.$5Uk
=650  \0$aJudgment of God.
=650  \0$aChristianity and justice.
=650  \0$aChild rearing$xReligious aspects$xChristianity.
=650  \4$aEducación de niños$xAspectos religiosos$xCristianismo.
=650  \4$aMonstruos.
=650  \4$aAnimales salvajes.
=653  \0$aJusticia divina.
=655  \7$aChapbooks$zSpain.$2rbgenr
=662  \\$aPortugal$dPorto$2lcsh-naf
=752  \\$aSpain$dMadrid.
=856  40$uhttp://cudl.lib.cam.ac.uk/view/PR-11450-F-00024-00041$yCambridge Digital Library
=859  \\$aXLD$bCambridge Digital Library
=CAT  \\$aWR14_159$b00$c20141016$lBLL01$h1655
=CAT  \\$aWR14_181$c20150323$lBLL01$h1403
=CAT  \\$aW1606-1753$c20171028$lBLL01$h1604
=SRC  \\$aBLWrongdoing
=LAS  \\$aW1606-1753$b00$c20171028$lBLL01$h1604

