=LDR  01866 am a2200457 a 4500
=001  016893694
=003  Uk
=005  20140530122857.0
=006  m\\\\||\\d\|\\\\\\
=007  cr\|||||||||||
=008  121101s1857\\\\sp\a\\\\o\\\\\000\0\spa\\
=FMT  \\$a  BK
=040  \\$aUkCU$beng$cUkCU$dUk
=245  00$aSermon burlesco de gran divertimiento para una funcion, predicado en Pamplona en la boda de dos jibados en Carnestolendas /$cpor el bachiller Calza-Bragas, visitador de bodegones y gran pescador de vientos bajos, etc. etc. etc. : primera parte.
=260  \\$aMadrid :$bImprenta de D. José Maria Marés, plaza de la Cebada, núm. 96,$c1857.
=300  \\$a1 online resource
=336  \\$atext$2rdacontent
=337  \\$acomputer$2rdamedia
=338  \\$aonline resources$2rdacarrier
=500  \\$aText printed in two columns.
=500  \\$aIn verse.
=500  \\$aIllustration at head of title.
=500  \\$aCaption title.
=500  \\$aImprint from colophon.
=500  \\$a"Núm. 148."
=500  \\$aIn two parts.
=599  \\$aItem no. T45 in volume 11450.f.24.$5Uk
=599  \\$aLibrary copy has pages 3-6 bound before page [1].$5Uk
=533  \\$aElectronic Reproduction$bLondon$cBritish Library$d2012$nItem no. T45 in volume 11450.f.24.$nLibrary copy has pages 3-6 bound before page [1].$5Uk
=650  \0$aSatire, Spanish.
=650  \4$aSátira española.
=655  \7$aChapbooks$zSpain.$2rbgenr
=662  \\$aSpain$dPamplona$2lcsh-naf
=752  \\$aSpain$dMadrid.
=856  40$uhttp://cudl.lib.cam.ac.uk/view/PR-11450-F-00024-00045$yCambridge Digital Library
=859  \\$aXLD$bCambridge Digital Library
=CAT  \\$aWR14_159$b00$c20141016$lBLL01$h1655
=CAT  \\$aWR14_181$c20150323$lBLL01$h1403
=CAT  \\$aW1606-1753$c20171028$lBLL01$h1604
=SRC  \\$aBLWrongdoing
=LAS  \\$aW1606-1753$b00$c20171028$lBLL01$h1604

