=LDR  02014 am a2200505 a 4500
=001  016893710
=003  Uk
=005  20140530123343.0
=006  m\\\\||\\d\|\\\\\\
=007  cr\|||||||||||
=008  121102s1857\\\\sp\a\\\\o\\\\\000\0\spa\\
=FMT  \\$a  BK
=040  \\$aUkCU$beng$cUkCU$dUk
=245  00$aChasco del gallego :$bChiste gracioso que le ha sucedido á un soldado gallego, que con la licencia absoluta se retiraba á su tierra, con un estudeante [sic] vestido de dama : y lo demas que verá el curioso lector.
=246  30$aChiste gracioso que le ha sucedido á un soldado gallego
=260  \\$aMadrid :$bSe hallará de venta en la plaza de la Cebada, núm. 96,$c1857.
=300  \\$a1 online resource
=336  \\$atext$2rdacontent
=337  \\$acomputer$2rdamedia
=338  \\$aonline resources$2rdacarrier
=500  \\$aText printed in two columns.
=500  \\$aIn verse.
=500  \\$aIllustration at head of title.
=500  \\$aCaption title.
=500  \\$aImprint from colophon.
=500  \\$a"Núm. 224."
=500  \\$a"Relacion burlesca de la vida y trabajos que pasan los arrieros": p. [3-4].
=599  \\$aItem no. T61 in volume 11450.f.24.$5Uk
=533  \\$aElectronic Reproduction$bLondon$cBritish Library$d2012$nItem no. T61 in volume 11450.f.24.$5Uk
=650  \0$aSatire, Spanish.
=650  \4$aSátira española.
=650  \4$aSoldados.
=650  \4$aEstudiantes.
=650  \4$aDinero.
=655  \7$aChapbooks$zSpain.$2rbgenr
=662  \\$aSpain$dGalicia (Region)$2lcsh-naf
=740  02$aRelacion burlesca de la vida y trabajos que pasan los arrieros.
=752  \\$aSpain$dMadrid.
=856  40$uhttp://cudl.lib.cam.ac.uk/view/PR-11450-F-00024-00061$yCambridge Digital Library
=859  \\$aXLD$bCambridge Digital Library
=CAT  \\$aWR14_159$b00$c20141016$lBLL01$h1655
=CAT  \\$aWR14_181$c20150323$lBLL01$h1403
=CAT  \\$aW1606-1753$c20171028$lBLL01$h1604
=SRC  \\$aBLWrongdoing
=LAS  \\$aW1606-1753$b00$c20171028$lBLL01$h1604

