=LDR  02301 am a2200481 a 4500
=001  016893713
=003  Uk
=005  20130729154901.0
=006  m\\\\||\\d\|\\\\\\
=007  cr\|||||||||||
=008  121102s1857\\\\sp\a\\\\o\\\\\000\0\spa\\
=FMT  \\$a  BK
=040  \\$aUkCU$beng$cUkCU$dUk
=245  00$aPronóstico verdadero de lo que ha de suceder en el presente año y en el próximo venidero, que un astrólogo natural del Japon, que lleva su correspondiente varita de virtudes, con la que adivina lo pasado, lo presente y el porvenir, ha descubierto los grandes y maravillosos sucesos que han de acontecer en nuestro suelo :$bcomo verá el que viviere : primera parte.
=260  \\$aMadrid :$bSe hallará en la plazuela de la Cebada, núm. 96,$c1857.
=300  \\$a1 online resource
=336  \\$atext$2rdacontent
=337  \\$acomputer$2rdamedia
=338  \\$aonline resources$2rdacarrier
=500  \\$aText printed in two columns.
=500  \\$aIn verse.
=500  \\$aTwo separate illustrations at head of title; second part with additional at head of title.
=500  \\$aCaption title.
=500  \\$aImprint from colophon.
=500  \\$a"Núm. 145."
=500  \\$aIn two parts. Part two has title: "Segunda parte en que se declara el contenido de la primera parte del pronóstico, descifrado por un veterano español, para que se tranquilicen y consuelen los que hayan creído los males que parecia amenazaban al mundo."
=599  \\$aItem no. T64 in volume 11450.f.24.$5Uk
=533  \\$aElectronic Reproduction$bLondon$cBritish Library$d2012$nItem no. T64 in volume 11450.f.24.$5Uk
=650  \0$aDivination.
=650  \0$aProphecies.
=650  \4$aAdivinación.
=650  \4$aProfecías.
=655  \7$aChapbooks$zSpain.$2rbgenr
=662  \\$aJapan$2lcsh-naf
=740  02$aSegunda parte en que se declara el contenido de la primera parte del pronóstico.
=752  \\$aSpain$dMadrid.
=856  40$uhttp://cudl.lib.cam.ac.uk/view/PR-11450-F-00024-00064$yCambridge Digital Library
=859  \\$aXLD$bCambridge Digital Library
=CAT  \\$aWR14_159$b00$c20141016$lBLL01$h1655
=CAT  \\$aWR14_181$c20150323$lBLL01$h1403
=CAT  \\$aW1606-1753$c20171028$lBLL01$h1604
=SRC  \\$aBLWrongdoing
=LAS  \\$aW1606-1753$b00$c20171028$lBLL01$h1604

