=LDR  02238 am a2200493 a 4500
=001  016893718
=003  Uk
=005  20130719165103.0
=006  m\\\\||\\d\|\\\\\\
=007  cr\|||||||||||
=008  121102s1857\\\\sp\a\\\\o\\\\\000\0\spa\\
=FMT  \\$a  BK
=040  \\$aUkCU$beng$cUkCU$dUk
=245  00$aLisardo el estudiante :$bNueva relación en que se declara los lances de amor, miedos y sobresaltos que acaecieron á este caballero, natural de la ciudad de Córdoba, y á doña Teodora, de la de Salamanca : primera parte.
=246  30$aNueva relación en que se declara los lances de amor, miedos y sobresaltos que acaecieron á este caballero
=260  \\$aMadrid :$bSe hallará de venta en la plaza de la Cebada, núm. 96 cto. principal,$c1857.
=300  \\$a1 online resource
=336  \\$atext$2rdacontent
=337  \\$acomputer$2rdamedia
=338  \\$aonline resources$2rdacarrier
=500  \\$aText printed in two columns.
=500  \\$aIn verse.
=500  \\$aIllustration incorporated within title.
=500  \\$aCaption title.
=500  \\$aImprint from colophon.
=500  \\$a"Núm. 61."
=500  \\$aIn two parts. Part two has title: "Segunda parte, que refiere como iba Lisardo á sacar del convento á doña Teodora, y viendo hacer sus propias exéquias, se retiró á hacer penitencia."
=599  \\$aItem no. T69 in volume 11450.f.24.$5Uk
=533  \\$aElectronic Reproduction$bLondon$cBritish Library$d2012$nItem no. T69 in volume 11450.f.24.$5Uk
=650  \0$aMan-woman relationships.
=650  \4$aRelaciones hombre-mujer.
=650  \4$aEstudiantes.
=655  \7$aChapbooks$zSpain.$2rbgenr
=662  \\$aSpain$dCórdoba$2lcsh-naf
=662  \\$aSpain$dSalamanca$2lcsh-naf
=740  02$aSegunda parte que refiere como iba Lisardo á sacar del convento á doña Teodora.
=752  \\$aSpain$dMadrid.
=856  40$uhttp://cudl.lib.cam.ac.uk/view/PR-11450-F-00024-00069$yCambridge Digital Library
=859  \\$aXLD$bCambridge Digital Library
=CAT  \\$aWR14_159$b00$c20141016$lBLL01$h1655
=CAT  \\$aWR14_181$c20150323$lBLL01$h1403
=CAT  \\$aW1606-1753$c20171028$lBLL01$h1604
=SRC  \\$aBLWrongdoing
=LAS  \\$aW1606-1753$b00$c20171028$lBLL01$h1604

