=LDR  01666 am a2200493 a 4500
=001  016893722
=003  Uk
=005  20140530123042.0
=006  m\\\\||\\d\|\\\\\\
=007  cr\|||||||||||
=008  121102s1857\\\\sp\a\\\\o\\\\\000\0\spa\\
=FMT  \\$a  BK
=040  \\$aUkCU$beng$cUkCU$dUk
=245  03$aEl maltés en Madrid :$bprimera parte.
=260  \\$aMadrid :$bImprenta á cargo de José M. Marés, plaza de la Cebada, núm. 96,$c1857.
=300  \\$a1 online resource
=336  \\$atext$2rdacontent
=337  \\$acomputer$2rdamedia
=338  \\$aonline resources$2rdacarrier
=500  \\$aText printed in two columns.
=500  \\$aIn verse.
=500  \\$aIllustration at head of title.
=500  \\$aCaption title.
=500  \\$aImprint from colophon.
=500  \\$a"Núm. 122."
=500  \\$aIn two parts.
=599  \\$aItem no. T73 in volume 11450.f.24.$5Uk
=533  \\$aElectronic Reproduction$bLondon$cBritish Library$d2012$nItem no. T73 in volume 11450.f.24.$5Uk
=650  \0$aMurder.
=650  \0$aDeception.
=650  \0$aJustice, Administration of.
=650  \4$aAsesinato.
=650  \4$aEngaño.
=650  \0$aAdministración de justicia.
=655  \7$aChapbooks$zSpain.$2rbgenr
=662  \\$aSpain$dMadrid$2lcsh-naf
=752  \\$aSpain$dMadrid.
=856  40$uhttp://cudl.lib.cam.ac.uk/view/PR-11450-F-00024-00073$yCambridge Digital Library
=859  \\$aXLD$bCambridge Digital Library
=CAT  \\$aWR14_159$b00$c20141016$lBLL01$h1655
=CAT  \\$aWR14_181$c20150323$lBLL01$h1403
=CAT  \\$aW1606-1753$c20171028$lBLL01$h1604
=SRC  \\$aBLWrongdoing
=LAS  \\$aW1606-1753$b00$c20171028$lBLL01$h1604

