=LDR  01848 am a2200457 a 4500
=001  016893723
=003  Uk
=005  20130723101304.0
=006  m\\\\||\\d\|\\\\\\
=007  cr\|||||||||||
=008  121102s1857\\\\sp\a\\\\o\\\\\000\0\spa\\
=FMT  \\$a  BK
=040  \\$aUkCU$beng$cUkCU$dUk
=245  00$aHistoria del marqués de Mantua :$by muerte de Valdovinos.
=260  \\$aMadrid :$bSe hallará de venta en la plaza de la Cebada, núm. 96,$c1857.
=300  \\$a1 online resource
=336  \\$atext$2rdacontent
=337  \\$acomputer$2rdamedia
=338  \\$aonline resources$2rdacarrier
=500  \\$aText printed in two columns.
=500  \\$aIn verse.
=500  \\$aIllustration at head of title.
=500  \\$aCaption title.
=500  \\$a"Dos pliegos."
=500  \\$a"Embajada que envió el marqués de Mántua al emperador": p. 9.
=500  \\$a"Sentencia que pronunció el consejo contra el príncipe D. Carloto": p. 14.
=500  \\$a"Lamentos del marques de Mantua cuando encontro herido a su sobrino Valdovinos en la floresta, y juramento que hizo de vengar su muerte": p. 16.
=599  \\$aItem no. T74 in volume 11450.f.24.$5Uk
=533  \\$aElectronic Reproduction$bLondon$cBritish Library$d2012$nItem no. T74 in volume 11450.f.24.$5Uk
=650  \4$aMarques de Mantua (Fictitious character)
=650  \4$aCiervos.
=653  \1$aMarques de Mantua (Personaje ficticio)
=655  \7$aChapbooks$zSpain.$2rbgenr
=752  \\$aSpain$dMadrid.
=856  40$uhttp://cudl.lib.cam.ac.uk/view/PR-11450-F-00024-00074$yCambridge Digital Library
=859  \\$aXLD$bCambridge Digital Library
=CAT  \\$aWR14_159$b00$c20141016$lBLL01$h1655
=CAT  \\$aWR14_181$c20150323$lBLL01$h1403
=CAT  \\$aW1606-1753$c20171028$lBLL01$h1604
=SRC  \\$aBLWrongdoing
=LAS  \\$aW1606-1753$b00$c20171028$lBLL01$h1604

