=LDR  01888 am a2200529 a 4500
=001  016893724
=003  Uk
=005  20140530122931.0
=006  m\\\\||\\d\|\\\\\\
=007  cr\|||||||||||
=008  121102s1857\\\\sp\a\\\\o\\\\\000\0\spa\\
=FMT  \\$a  BK
=040  \\$aUkCU$beng$cUkCU$dUk
=245  00$aRomance nuevo :$bEl hallazgo de un cadaver en una cueva junto a Peña-Cerrada.
=246  30$aHallazgo de un cadaver en una cueva junto a Peña-Cerrada
=260  \\$aMadrid :$bSe hallará de venta en la plaza de la Cebada, núm. 96,$c1857.
=300  \\$a1 online resource
=336  \\$atext$2rdacontent
=337  \\$acomputer$2rdamedia
=338  \\$aonline resources$2rdacarrier
=500  \\$aText printed in two columns.
=500  \\$aIn verse.
=500  \\$aIllustration at head of title.
=500  \\$aCaption title.
=500  \\$aImprint from colophon.
=500  \\$a"Núm. 118."
=599  \\$aItem no. T75 in volume 11450.f.24.$5Uk
=533  \\$aElectronic Reproduction$bLondon$cBritish Library$d2012$nItem no. T75 in volume 11450.f.24.$5Uk
=650  \4$aSerafina Alcázar (Fictitious character)
=650  \0$aParricide.
=650  \0$aBrigands and robbers.
=650  \0$aViolent crimes.
=650  \4$aParricidio.
=650  \4$aBandoleros.
=650  \4$aDelitos violentos.
=653  \1$aSerafina Alcázar (Personaje ficticio)
=655  \7$aChapbooks$zSpain.$2rbgenr
=662  \\$aSpain$dVitoria$2lcsh-naf
=662  \\$aSpain$dVizcaya$2lcsh-naf
=752  \\$aSpain$dMadrid.
=856  40$uhttp://cudl.lib.cam.ac.uk/view/PR-11450-F-00024-00075$yCambridge Digital Library
=859  \\$aXLD$bCambridge Digital Library
=CAT  \\$aWR14_159$b00$c20141016$lBLL01$h1655
=CAT  \\$aWR14_181$c20150323$lBLL01$h1403
=CAT  \\$aW1606-1753$c20171028$lBLL01$h1604
=SRC  \\$aBLWrongdoing
=LAS  \\$aW1606-1753$b00$c20171028$lBLL01$h1604

