=LDR  01929 am a2200469 a 4500
=001  016893727
=003  Uk
=005  20140530122904.0
=006  m\\\\||\\d\|\\\\\\
=007  cr\|||||||||||
=008  121108s1857\\\\sp\a\\\\o\\\\\000\0\spa\\
=FMT  \\$a  BK
=040  \\$aUkCU$beng$cUkCU$dUk
=245  00$aSentidas quejas de un fino amante á su querido dueño, por verse mal correspondido :$bespresadas en unas quintillas.
=260  \\$aMadrid :$bSe halla de venta en al plaza de la Cebada, núm. 96, cuarto principal,$c1857.
=300  \\$a1 online resource
=336  \\$atext$2rdacontent
=337  \\$acomputer$2rdamedia
=338  \\$aonline resources$2rdacarrier
=500  \\$aText printed in two columns.
=500  \\$aIn verse.
=500  \\$aIllustration at head of title; second part with additional illustration at head of title.
=500  \\$aCaption title.
=500  \\$aImprint from colophon.
=500  \\$a"Núm. 47."
=500  \\$aIn two parts. Part two has title: "Contestacion de la misma dama a su fino y querido amante, desvaneciendo sus sospechas."
=599  \\$aItem no. T78 in volume 11450.f.24.$5Uk
=533  \\$aElectronic Reproduction$bLondon$cBritish Library$d2012$nItem no. T78 in volume 11450.f.24.$5Uk
=650  \0$aCourtship.
=650  \0$aSongs, Spanish$vTexts.
=650  \4$aCortejo amoroso.
=653  \0$aCanciones españolas--Textos.
=655  \7$aChapbooks$zSpain.$2rbgenr
=740  02$aContestacion de la misma dama a su fino y querido amante, desvaneciendo sus sospechas.
=752  \\$aSpain$dMadrid.
=856  40$uhttp://cudl.lib.cam.ac.uk/view/PR-11450-F-00024-00078$yCambridge Digital Library
=859  \\$aXLD$bCambridge Digital Library
=CAT  \\$aWR14_159$b00$c20141016$lBLL01$h1655
=CAT  \\$aWR14_181$c20150323$lBLL01$h1403
=CAT  \\$aW1606-1753$c20171028$lBLL01$h1604
=SRC  \\$aBLWrongdoing
=LAS  \\$aW1606-1753$b00$c20171028$lBLL01$h1604

