=LDR  02623 am a2200529 a 4500
=001  016893733
=003  Uk
=005  20130823141530.0
=006  m\\\\||\\d\|\\\\\\
=007  cr\|||||||||||
=008  121108s1857\\\\sp\a\\\\o\\\\\000\0\spa\\
=FMT  \\$a  BK
=040  \\$aUkCU$beng$cUkCU$dUk
=245  03$aLa renegada de Valladolid :$bRelacion de una muger natural de Valladolid, que siendo cautiva negó la ley de Ntro. Señor, y se casó con un moro, donde estuvo veinte y seis años, y como cautivaron á un clérigo hermano suyo, el cual la sirvió tres años de esclavo sin conocerse : y al cabo se conocieron por ciertas preguntas : el arrepentimiento de la renegada, y como fueron á Roma a reconciliarse con el Padre Santo.
=246  30$aRelacion de una muger natural de Valladolid, que siendo cautiva negó la ley de Ntro. Señor
=260  \\$aMadrid :$bImp. de D. José Marés, se hallará de venta en la plaza de la Cebada, núm. 96, cto. principal,$c1857.
=300  \\$a1 online resource
=336  \\$atext$2rdacontent
=337  \\$acomputer$2rdamedia
=338  \\$aonline resources$2rdacarrier
=500  \\$aText printed in two columns.
=500  \\$aIn verse.
=500  \\$aIllustration at head of title.
=500  \\$aCaption title.
=500  \\$aImprint from colophon.
=500  \\$a"Núm. 120."
=500  \\$aIn two parts. Part two has title: "Dase cuenta de la santa penitencia que hizo la renegada y como convirtio á dos hijos, sin conocer estos á su madre."
=599  \\$aItem no. T84 in volume 11450.f.24.$5Uk
=533  \\$aElectronic Reproduction$bLondon$cBritish Library$d2012$nItem no. T84 in volume 11450.f.24.$5Uk
=650  \0$aChristianity and other religions$xIslam.
=650  \0$aIslam$xRelations$xChristianity.
=650  \0$aRepentance$xChristianity.
=650  \4$aCristianismo y otras religiones$xIslamismo.
=650  \4$aIslamismo$xRelaciones$xCristianismo.
=650  \4$aArrepentimiento$xCristianismo.
=650  \4$aEsclavos.
=655  \7$aChapbooks$zSpain.$2rbgenr
=662  \\$aSpain$dValladolid$2lcsh-naf
=740  02$aDase cuenta de la santa penitencia que hizo la renegada y como convirtio á dos hijos, sin conocer estos á su madre.
=752  \\$aSpain$dMadrid.
=856  40$uhttp://cudl.lib.cam.ac.uk/view/PR-11450-F-00024-00084$yCambridge Digital Library
=859  \\$aXLD$bCambridge Digital Library
=CAT  \\$aWR14_159$b00$c20141016$lBLL01$h1655
=CAT  \\$aWR14_181$c20150323$lBLL01$h1403
=CAT  \\$aW1606-1753$c20171028$lBLL01$h1604
=SRC  \\$aBLWrongdoing
=LAS  \\$aW1606-1753$b00$c20171028$lBLL01$h1604

