=LDR  01845 am a2200493 a 4500
=001  016893734
=003  Uk
=005  20140530123056.0
=006  m\\\\||\\d\|\\\\\\
=007  cr\|||||||||||
=008  121108s1858\\\\sp\a\\\\o\\\\\000\0\spa\\
=FMT  \\$a  BK
=040  \\$aUkCU$beng$cUkCU$dUk
=245  00$aHistoria y cartas autenticas en prosa y verso de los celebres amantes Abelardo y Eloisa.
=246  30$aAbelardo y Eloisa
=246  33$aHistoria y cartas de Abelardo y Eloisa
=250  \\$aNueva ed.
=260  \\$aMadrid :$bSe hallará de venta en la plazuela de la Cebada, núm. 96, cto. pral.,$c1858.
=300  \\$a1 online resource
=336  \\$atext$2rdacontent
=337  \\$acomputer$2rdamedia
=338  \\$aonline resources$2rdacarrier
=500  \\$aIn verse and prose.
=500  \\$aIllustration at head of title.
=500  \\$aCaption title.
=500  \\$a"Tres pliegos."
=599  \\$aItem no. T85 in volume 11450.f.24.$5Uk
=533  \\$aElectronic Reproduction$bLondon$cBritish Library$d2012$nItem no. T85 in volume 11450.f.24.$5Uk
=600  10$aAbelard, Peter,$d1079-1142.
=600  00$aHéloïse,$dapproximately 1095-1163 or 1164.
=650  \0$aSongs, Spanish$vTexts.
=600  14$aAbelardo, Pedro,$d1079-1142.
=600  04$aHéloïse,$dapproximately 1095-1163 or 1164.
=653  \0$aCanciones españolas--Textos.
=655  \7$aChapbooks$zSpain.$2rbgenr
=752  \\$aSpain$dMadrid.
=856  40$uhttp://cudl.lib.cam.ac.uk/view/PR-11450-F-00024-00085$yCambridge Digital Library
=859  \\$aXLD$bCambridge Digital Library
=CAT  \\$aWR14_159$b00$c20141016$lBLL01$h1655
=CAT  \\$aWR14_181$c20150323$lBLL01$h1403
=CAT  \\$a5194$b40$c20151021$lBLL01$h1043
=CAT  \\$aW1606-1753$c20171028$lBLL01$h1604
=SRC  \\$aBLWrongdoing
=LAS  \\$aW1606-1753$b00$c20171028$lBLL01$h1604

