=LDR  01728 am a2200469 a 4500
=001  016893738
=003  Uk
=005  20140530123314.0
=006  m\\\\||\\d\|\\\\\\
=007  cr\|||||||||||
=008  121108s1858\\\\sp\a\\\\o\\\\\000\0\spa\\
=FMT  \\$a  BK
=040  \\$aUkCU$beng$cUkCU$dUk
=245  10$aCompendio de la historia de Atala, con la cancion de su amante Chactas.
=260  \\$aMadrid :$bSe hallará de venta en la plaza de la Cebada, núm. 96,$c1858.
=300  \\$a1 online resource
=336  \\$atext$2rdacontent
=337  \\$acomputer$2rdamedia
=338  \\$aonline resources$2rdacarrier
=500  \\$aText printed in two columns.
=500  \\$aIn verse and prose.
=500  \\$aIllustration at head of title.
=500  \\$aCaption title.
=500  \\$aImprint from colophon.
=500  \\$a"Núm. 54."
=500  \\$a"Cancion funebre de Chactas americano á la prematura muerte de su querida Atala": p. [3].
=599  \\$aItem no. T89 in volume 11450.f.24.$5Uk
=533  \\$aElectronic Reproduction$bLondon$cBritish Library$d2012$nItem no. T89 in volume 11450.f.24.$5Uk
=650  \0$aDeath.
=650  \0$aGrief.
=650  \4$aMuerte.
=650  \4$aPena.
=655  \7$aChapbooks$zSpain.$2rbgenr
=740  02$aCancion funebre de Chactas americano á la prematura muerte de su querida Atala.
=752  \\$aSpain$dMadrid.
=856  40$uhttp://cudl.lib.cam.ac.uk/view/PR-11450-F-00024-00089$yCambridge Digital Library
=859  \\$aXLD$bCambridge Digital Library
=CAT  \\$aWR14_159$b00$c20141016$lBLL01$h1655
=CAT  \\$aWR14_181$c20150323$lBLL01$h1403
=CAT  \\$aW1606-1753$c20171028$lBLL01$h1604
=SRC  \\$aBLWrongdoing
=LAS  \\$aW1606-1753$b00$c20171028$lBLL01$h1604

