=LDR  02249 am a2200517 a 4500
=001  016893742
=003  Uk
=005  20140530122452.0
=006  m\\\\||\\d\|\\\\\\
=007  cr\|||||||||||
=008  121108s1858\\\\sp\a\\\\o\\\\\000\0\spa\\
=FMT  \\$a  BK
=040  \\$aUkCU$beng$cUkCU$dUk
=245  00$aMarcos de Cabra :$bNueva relacion y divertido romance en que se refiere el trágico casamiento de este pobre hombre, vecino de Guadarrama, que despues de unas alegres bodas, esperimento á pocos meses tanta multitud de partos en su casa, que por asistir á ellos no pudo comer ni descansar en todo el dia : Dase cuenta de su grande afliccion, y otras muchas circunstancias que verá el curioso lector.
=246  30$aNueva relacion y divertido romance en que se refiere el trágico casamiento de este pobre hombre, vecino de Guadarrama
=260  \\$aMadrid :$bImprenta á cargo de José M. Marés, plaza de la Cebada, núm. 96,$c1858.
=300  \\$a1 online resource
=336  \\$atext$2rdacontent
=337  \\$acomputer$2rdamedia
=338  \\$aonline resources$2rdacarrier
=500  \\$aText printed in two columns.
=500  \\$aIn verse.
=500  \\$aTwo separate illustrations incorporated within title.
=500  \\$aCaption title.
=500  \\$aImprint from colophon.
=500  \\$a"Núm. 117."
=599  \\$aItem no. T1 in volume 11450.f.25.$5Uk
=533  \\$aElectronic Reproduction$bLondon$cBritish Library$d2012$nItem no. T1 in volume 11450.f.25.$5Uk
=650  \4$aMarcos de Cabra (Fictitious character)
=650  \0$aWeddings.
=650  \0$aChildbirth.
=650  \0$aParturition.
=650  \4$aBodas.
=650  \4$aParto.
=650  \4$aAnimales$xParto.
=653  \1$aMarcos de Cabra (Personaje ficticio)
=655  \7$aChapbooks$zSpain.$2rbgenr
=662  \\$aSpain$gGuadarrama Mountains$2lcsh-naf
=752  \\$aSpain$dMadrid.
=856  40$uhttp://cudl.lib.cam.ac.uk/view/PR-11450-F-00025-00001$yCambridge Digital Library
=859  \\$aXLD$bCambridge Digital Library
=CAT  \\$aWR14_159$b00$c20141016$lBLL01$h1655
=CAT  \\$aWR14_181$c20150323$lBLL01$h1403
=CAT  \\$aW1606-1753$c20171028$lBLL01$h1604
=SRC  \\$aBLWrongdoing
=LAS  \\$aW1606-1753$b00$c20171028$lBLL01$h1604

