=LDR  02048 am a2200481 a 4500
=001  016893748
=003  Uk
=005  20130211102657.0
=006  m\\\\||\\d\|\\\\\\
=007  cr\|||||||||||
=008  121115s1858\\\\sp\a\\\\o\\\\\000\0\spa\\
=FMT  \\$a  BK
=040  \\$aUkCU$beng$cUkCU$dUk
=245  00$aCarta amorosa que escribe un soldado desde las provincias á su querida novia, manifestándola el sentimiento que esperimenta por hallarse ausente de su pais, y en particular de ella, espresándola los deseos que tiene de verla.
=260  \\$aMadrid :$bImprenta á cargo de José M. Marés, plaza de la Cebada, n.° 96,$c1858.
=300  \\$a1 online resource
=336  \\$atext$2rdacontent
=337  \\$acomputer$2rdamedia
=338  \\$aonline resources$2rdacarrier
=500  \\$aText printed in two columns.
=500  \\$aIn verse.
=500  \\$aIllustration at head of title; additional illustration at head of p. [3].
=500  \\$aCaption title.
=500  \\$aImprint from colophon.
=500  \\$a"Núm. 85."
=500  \\$a"Contestacion amorosa que da esta joven á su amante, manifestándole la firmeza de su amor y el regocijo que ha tenido por haber recibido su carta": p. [3-4].
=599  \\$aItem no. T7 in volume 11450.f.25.$5Uk
=533  \\$aElectronic Reproduction$bLondon$cBritish Library$d2012$nItem no. T7 in volume 11450.f.25.$5Uk
=650  \0$aMan-woman relationships.
=650  \4$aRelaciones hombre-mujer.
=650  \0$aCourtship.
=650  \4$aCortejo amoroso.
=650  \4$aSoldados.
=655  \7$aChapbooks$zSpain.$2rbgenr
=740  02$aContestacion amorosa que da esta joven á su amante.
=752  \\$aSpain$dMadrid.
=856  40$uhttp://cudl.lib.cam.ac.uk/view/PR-11450-F-00025-00007$yCambridge Digital Library
=859  \\$aXLD$bCambridge Digital Library
=CAT  \\$aWR14_159$b00$c20141016$lBLL01$h1655
=CAT  \\$aWR14_181$c20150323$lBLL01$h1403
=CAT  \\$aW1606-1753$c20171028$lBLL01$h1604
=SRC  \\$aBLWrongdoing
=LAS  \\$aW1606-1753$b00$c20171028$lBLL01$h1604

