=LDR  02283 am a2200517 a 4500
=001  016893750
=003  Uk
=005  20130211102624.0
=006  m\\\\||\\d\|\\\\\\
=007  cr\|||||||||||
=008  121115s1858\\\\sp\a\\\\o\\\\\000\0\spa\\
=FMT  \\$a  BK
=040  \\$aUkCU$beng$cUkCU$dUk
=245  00$aCarta de amor que dirige un galan a su dama en la que se puede poner el nombre de cualquiera mujer.
=260  \\$aMadrid :$bImp a cargo de José M. Marés, plaza de la Cebada, núm. 96,$c1858.
=300  \\$a1 online resource
=336  \\$atext$2rdacontent
=337  \\$acomputer$2rdamedia
=338  \\$aonline resources$2rdacarrier
=500  \\$aText printed in two columns.
=500  \\$aIn verse.
=500  \\$aTwo separate illustrations at head of title.
=500  \\$aCaption title.
=500  \\$aImprint from colophon.
=500  \\$a"Núm. 83."
=500  \\$a"Contestacion quejosa de la dama a su fino amante en unas bonitas décimas": p. [2-3].
=500  \\$a"Segunda carta que escribe el galan á la dama despues de su regreso, desechándola por haberla encontrado de diferente modo que cuando la dejó á su partida": p. [3].
=500  \\$a"Despedida que hace un quinto a su querida, y la contestación que ella le dá": p. [4].
=599  \\$aItem no. T9 in volume 11450.f.25.$5Uk
=533  \\$aElectronic Reproduction$bLondon$cBritish Library$d2012$nItem no. T9 in volume 11450.f.25.$5Uk
=650  \0$aMan-woman relationships.
=650  \0$aCourtship.
=650  \4$aRelaciones hombre-mujer.
=650  \4$aCortejo amoroso.
=655  \7$aChapbooks$zSpain.$2rbgenr
=740  02$aContestacion quejosa de la dama a su fino amante en unas bonitas décimas.
=740  02$aSegunda carta que escribe el galan á la dama despues de su regreso.
=740  02$aDespedida que hace un quinto a su querida, y la contestación que ella le dá.
=752  \\$aSpain$dMadrid.
=856  40$uhttp://cudl.lib.cam.ac.uk/view/PR-11450-F-00025-00009$yCambridge Digital Library
=859  \\$aXLD$bCambridge Digital Library
=CAT  \\$aWR14_159$b00$c20141016$lBLL01$h1655
=CAT  \\$aWR14_181$c20150323$lBLL01$h1403
=CAT  \\$aW1606-1753$c20171028$lBLL01$h1604
=SRC  \\$aBLWrongdoing
=LAS  \\$aW1606-1753$b00$c20171028$lBLL01$h1604

