=LDR  01990 am a2200457 a 4500
=001  016893751
=003  Uk
=005  20140530122026.0
=006  m\\\\||\\d\|\\\\\\
=007  cr\|||||||||||
=008  121115q18421859sp\a\\\\o\\\\\000\0\spa\\
=FMT  \\$a  BK
=040  \\$aUkCU$beng$cUkCU$dUk
=245  00$aCarta discreta y amorosa, dispuesta en quintillas, que un galan dirige á su dama por verla enojada y desviada de su cariño, procurando atraerla de nuevo á su amor, disculpándose de las causas que la dió para enojarla.
=260  \\$aMadrid :$bImprenta á cargo de José M. Marés, plazuela de la Cebada, n.° 96,$c[between 1842 and 1859?]
=300  \\$a1 online resource
=336  \\$atext$2rdacontent
=337  \\$acomputer$2rdamedia
=338  \\$aonline resources$2rdacarrier
=500  \\$aText printed in two columns.
=500  \\$aIn verse.
=500  \\$aIllustration at head of title.
=500  \\$aCaption title.
=500  \\$aImprint from colophon.
=500  \\$a"Núm. 19."
=500  \\$a"Respuesta discreta á la amorosa carta del galan, manifestándole la dama su esquivez y desamor, quejándose airada de su infiel trato, y diciéndole que la olvide para siempre, porque ella detesta su amor": p. [3-4].
=599  \\$aItem no. T10 in volume 11450.f.25.$5Uk
=533  \\$aElectronic Reproduction$bLondon$cBritish Library$d2012$nItem no. T10 in volume 11450.f.25.$5Uk
=650  \0$aMan-woman relationships.
=650  \4$aRelaciones hombre-mujer.
=650  \0$aCourtship.
=650  \4$aCortejo amoroso.
=655  \7$aChapbooks$zSpain.$2rbgenr
=752  \\$aSpain$dMadrid.
=856  40$uhttp://cudl.lib.cam.ac.uk/view/PR-11450-F-00025-00010$yCambridge Digital Library
=859  \\$aXLD$bCambridge Digital Library
=CAT  \\$aWR14_159$b00$c20141016$lBLL01$h1655
=CAT  \\$aWR14_181$c20150323$lBLL01$h1403
=CAT  \\$aW1606-1753$c20171028$lBLL01$h1604
=SRC  \\$aBLWrongdoing
=LAS  \\$aW1606-1753$b00$c20171028$lBLL01$h1604

