=LDR  01794 am a2200469 a 4500
=001  016893752
=003  Uk
=005  20130729165938.0
=006  m\\\\||\\d\|\\\\\\
=007  cr\|||||||||||
=008  121115s1858\\\\sp\a\\\\o\\\\\000\0\spa\\
=FMT  \\$a  BK
=040  \\$aUkCU$beng$cUkCU$dUk
=245  03$aLa dama Casimira :$bNueva relacion en la que se refiere el modo de pensar de esta señora, que desengañada de lo que dá de sí el mundo, se retrae de ser casada, y prefiere encerrarse en un convento.
=246  30$aNueva relacion en la que se refiere el modo de pensar de esta señora
=260  \\$aMadrid :$bImprenta á cargo de José M. Marés, plaza de la Cebada, núm. 96,$c1858.
=300  \\$a1 online resource
=336  \\$atext$2rdacontent
=337  \\$acomputer$2rdamedia
=338  \\$aonline resources$2rdacarrier
=500  \\$aText printed in two columns.
=500  \\$aIn verse.
=500  \\$aIllustration incorporated within title.
=500  \\$aCaption title.
=500  \\$aImprint from colophon.
=500  \\$a"Núm. 124."
=599  \\$aItem no. T11 in volume 11450.f.25.$5Uk
=533  \\$aElectronic Reproduction$bLondon$cBritish Library$d2012$nItem no. T11 in volume 11450.f.25.$5Uk
=650  \0$aMarriage.
=650  \0$aParody.
=650  \4$aMatrimonio.
=650  \4$aParodia.
=650  \4$aConventos.
=655  \7$aChapbooks$zSpain.$2rbgenr
=752  \\$aSpain$dMadrid.
=856  40$uhttp://cudl.lib.cam.ac.uk/view/PR-11450-F-00025-00011$yCambridge Digital Library
=859  \\$aXLD$bCambridge Digital Library
=CAT  \\$aWR14_159$b00$c20141016$lBLL01$h1655
=CAT  \\$aWR14_181$c20150323$lBLL01$h1403
=CAT  \\$aW1606-1753$c20171028$lBLL01$h1604
=SRC  \\$aBLWrongdoing
=LAS  \\$aW1606-1753$b00$c20171028$lBLL01$h1604

