=LDR  01947 am a2200517 a 4500
=001  016893754
=003  Uk
=005  20130211102803.0
=006  m\\\\||\\d\|\\\\\\
=007  cr\|||||||||||
=008  121115s18421859sp\a\\\\o\\\\\000\0\spa\\
=FMT  \\$a  BK
=040  \\$aUkCU$beng$cUkCU$dUk
=245  00$aCancion nueva titulada Gerineldo :$ben la que se espresan los amores y fuga de un oficial ruso con la bella Enildas, sultana favorita del Gran Señor.
=246  30$aGerineldo
=260  \\$aMadrid :$bSe hallará en la plazuela de la Cebada, n.° 96,$c[between 1842 and 1859?]
=300  \\$a1 online resource
=336  \\$atext$2rdacontent
=337  \\$acomputer$2rdamedia
=338  \\$aonline resources$2rdacarrier
=500  \\$aText printed in two columns.
=500  \\$aIn verse.
=500  \\$aIllustration at head of title.
=500  \\$aCaption title.
=500  \\$aImprint from colophon.
=500  \\$a"Núm. 69."
=500  \\$a"Cancion divertida, del currillo marinero": p. [4].
=599  \\$aItem no. T13 in volume 11450.f.25.$5Uk
=533  \\$aElectronic Reproduction$bLondon$cBritish Library$d2012$nItem no. T13 in volume 11450.f.25.$5Uk
=650  \4$aGerineldo (Fictitious character)
=650  \4$aEnildas (Fictitious character)
=650  \0$aAdultery.
=650  \4$aAdulterio.
=653  \1$aGerineldo (Personaje ficticio)
=653  \1$aEnildas (Personaje ficticio)
=655  \7$aChapbooks$zSpain.$2rbgenr
=662  \\$aTurkey$dIstanbul$2lcsh-naf
=740  02$aCancion divertida, del currillo marinero.
=752  \\$aSpain$dMadrid.
=856  40$uhttp://cudl.lib.cam.ac.uk/view/PR-11450-F-00025-00013$yCambridge Digital Library
=859  \\$aXLD$bCambridge Digital Library
=CAT  \\$aWR14_159$b00$c20141016$lBLL01$h1655
=CAT  \\$aWR14_181$c20150323$lBLL01$h1403
=CAT  \\$aW1606-1753$c20171028$lBLL01$h1604
=SRC  \\$aBLWrongdoing
=LAS  \\$aW1606-1753$b00$c20171028$lBLL01$h1604

