=LDR  01956 am a2200493 a 4500
=001  016893755
=003  Uk
=005  20150225122810.0
=006  m\\\\||\\d\|\\\\\\
=007  cr\|||||||||||
=008  121115s18421859sp\a\\\\o\\\\\000\0dspa\\
=FMT  \\$a  BK
=040  \\$aUkCU$beng$cUkCU$dUk
=245  00$aHistoria verdadera de Carlo-Magno y los doce pares de Francia.
=246  30$aCarlo-Magno y los doce pares de Francia
=260  \\$aMadrid :$bImprenta á cargo de José M. Marés, plazuela de la Cebada, n.° 96,$c[between 1842 and 1859?]
=300  \\$a1 online resource
=336  \\$atext$2rdacontent
=337  \\$acomputer$2rdamedia
=338  \\$aonline resources$2rdacarrier
=500  \\$aText printed in two columns.
=500  \\$aIn verse.
=500  \\$aTwo separate illustrations at head and foot of title.
=500  \\$aCaption title.
=500  \\$aImprint from colophon.
=500  \\$a"Cuatro pliegos."
=500  \\$aIn eight parts.
=500  \\$a"Noticias biográficas de Cárlo-Magno sacadas de un documento auténtico": p. [32].
=599  \\$aItem no. T14 in volume 11450.f.25.$5Uk
=533  \\$aElectronic Reproduction$bLondon$cBritish Library$d2012$nItem no. T14 in volume 11450.f.25.$5Uk
=600  00$aCharlemagne,$cEmperor,$d742-814$vLegends.
=600  04$aCarlomagno,$cEmperador,$d742-814$vLeyendas.
=655  \7$aChapbooks$zSpain.$2rbgenr
=662  \\$aFrance$2lcsh-naf
=740  02$aNoticias biográficas de Cárlo-Magno sacadas de un documento auténtico.
=752  \\$aSpain$dMadrid.
=856  40$uhttp://cudl.lib.cam.ac.uk/view/PR-11450-F-00025-00014$yCambridge Digital Library
=859  \\$aXLD$bCambridge Digital Library
=CAT  \\$aWR14_159$b00$c20141016$lBLL01$h1655
=CAT  \\$a2833$b40$c20150225$lBLL01$h1228
=CAT  \\$aWR14_181$c20150323$lBLL01$h1403
=CAT  \\$aW1606-1753$c20171028$lBLL01$h1604
=SRC  \\$aBLWrongdoing
=LAS  \\$aW1606-1753$b00$c20171028$lBLL01$h1604

