=LDR  01776 am a2200433 a 4500
=001  016893775
=003  Uk
=005  20140530122223.0
=006  m\\\\||\\d\|\\\\\\
=007  cr\|||||||||||
=008  121115s1858\\\\sp\a\\\\o\\\\\000\0\spa\\
=FMT  \\$a  BK
=040  \\$aUkCU$beng$cUkCU$dUk
=245  00$aSermon burlesco para representarle en cualquier funcion, en el que se dá zurra á todo monigote /$ccompuesto por el Bachiller descuerna-Cabras, tejedor de pergaminos, capador de ranas, gran maestre de la órden del Mosto, graduado en la Universidad de Jauja, y primo en sesto grado por línea transversal de Baco.
=260  \\$aMadrid :$bImp. de José M. Marés, plaza de la Cebada, núm. 96,$c1858.
=300  \\$a1 online resource
=336  \\$atext$2rdacontent
=337  \\$acomputer$2rdamedia
=338  \\$aonline resources$2rdacarrier
=500  \\$aIn verse.
=500  \\$aThree separate illustrations at head of title.
=500  \\$aCaption title.
=500  \\$aImprint from colophon.
=500  \\$a"Núm. 75."
=599  \\$aItem no. T34 in volume 11450.f.25.$5Uk
=533  \\$aElectronic Reproduction$bLondon$cBritish Library$d2012$nItem no. T34 in volume 11450.f.25.$5Uk
=650  \0$aReligious satire, Spanish.
=650  \0$aAlcohol
=650  \4$aSátira religiosa española.
=650  \4$aAlcohol.
=655  \7$aChapbooks$zSpain.$2rbgenr
=752  \\$aSpain$dMadrid.
=856  40$uhttp://cudl.lib.cam.ac.uk/view/PR-11450-F-00025-00034$yCambridge Digital Library
=859  \\$aXLD$bCambridge Digital Library
=CAT  \\$aWR14_159$b00$c20141016$lBLL01$h1655
=CAT  \\$aWR14_181$c20150323$lBLL01$h1403
=CAT  \\$aW1606-1753$c20171028$lBLL01$h1604
=SRC  \\$aBLWrongdoing
=LAS  \\$aW1606-1753$b00$c20171028$lBLL01$h1604

