=LDR  02201 am a2200589 a 4500
=001  016893777
=003  Uk
=005  20140530122100.0
=006  m\\\\||\\d\|\\\\\\
=007  cr\|||||||||||
=008  121116q18421859sp\a\\\\o\\\\\000\0\spa\\
=FMT  \\$a  BK
=040  \\$aUkCU$beng$cUkCU$dUk
=245  03$aLa valiente Espinela :$bNueva y curiosa relacion en que se declara y da cuenta de lo que la sucedió á esta doncella.
=246  30$aNueva y curiosa relacion en que se declara y da cuenta de lo que la sucedió á esta doncella
=260  \\$aMadrid :$bImprenta á cargo de José M. Marés, plaza de la Cebada, núm. 96,$c[between 1842 and 1859?]
=300  \\$a1 online resource
=336  \\$atext$2rdacontent
=337  \\$acomputer$2rdamedia
=338  \\$aonline resources$2rdacarrier
=500  \\$aText printed in two columns.
=500  \\$aIn verse.
=500  \\$aIllustration incorporated within title.
=500  \\$aCaption title.
=500  \\$aImprint from colophon.
=500  \\$a"Núm. 110."
=599  \\$aItem no. T36 in volume 11450.f.25.$5Uk
=533  \\$aElectronic Reproduction$bLondon$cBritish Library$d2012$nItem no. T36 in volume 11450.f.25.$5Uk
=650  \0$aBrigands and robbers.
=650  \0$aViolent crimes.
=650  \0$aWomen murderers.
=650  \0$aMistaken identity.
=650  \4$aEspinela (Fictitious character)
=650  \4$aBandoleros.
=650  \4$aDelitos violentos.
=650  \4$aAsesinas.
=650  \4$aFalsificación de identidad.
=653  \1$aEspinela (Personaje ficticio)
=655  \7$aChapbooks$zSpain.$2rbgenr
=662  \\$aSpain$dAntequera$2lcsh-naf
=662  \\$aSpain$dGranada$2lcsh-naf
=662  \\$aSpain$dMarbella$2lcsh-naf
=662  \\$aSpain$dMálaga$2lcsh-naf
=662  \\$aSpain$dCartagena$2lcsh-naf
=752  \\$aSpain$dMadrid.
=856  40$uhttp://cudl.lib.cam.ac.uk/view/PR-11450-F-00025-00036$yCambridge Digital Library
=859  \\$aXLD$bCambridge Digital Library
=CAT  \\$aWR14_159$b00$c20141016$lBLL01$h1655
=CAT  \\$aWR14_181$c20150323$lBLL01$h1403
=CAT  \\$aW1606-1753$c20171028$lBLL01$h1604
=SRC  \\$aBLWrongdoing
=LAS  \\$aW1606-1753$b00$c20171028$lBLL01$h1604

