=LDR  01984 am a2200541 a 4500
=001  016893781
=003  Uk
=005  20140530122302.0
=006  m\\\\||\\d\|\\\\\\
=007  cr\|||||||||||
=008  121116s1858\\\\sp\a\\\\o\\\\\000\0\spa\\
=FMT  \\$a  BK
=040  \\$aUkCU$beng$cUkCU$dUk
=245  00$aRelacion de las hazañas y valentias que hizo el mas jaque de los hombres :$bFrancisquillo El sastre.
=246  30$aFrancisquillo El sastre
=260  \\$aMadrid :$bImprenta á cargo de José M. Marés, plaza de la Cebada, núm. 96,$c1858.
=300  \\$a1 online resource
=336  \\$atext$2rdacontent
=337  \\$acomputer$2rdamedia
=338  \\$aonline resources$2rdacarrier
=500  \\$aText printed in two columns.
=500  \\$aIn verse.
=500  \\$aIllustration at head of title.
=500  \\$aCaption title.
=500  \\$aImprint from colophon.
=500  \\$a"Núm. 67."
=599  \\$aItem no. T40 in volume 11450.f.25.$5Uk
=533  \\$aElectronic Reproduction$bLondon$cBritish Library$d2012$nItem no. T40 in volume 11450.f.25.$5Uk
=650  \0$aBrigands and robbers.
=650  \4$aFrancisquillo El sastre (Fictitious character)
=650  \4$aBandoleros.
=653  \1$aFrancisquillo El sastre (Personaje ficticio)
=655  \7$aChapbooks$zSpain.$2rbgenr
=662  \\$aSpain$dMadrid$2lcsh-naf
=662  \\$aSpain$dToledo$2lcsh-naf
=662  \\$aSpain$bAndalusia$2lcsh-naf
=662  \\$aSpain$dMálaga$2lcsh-naf
=662  \\$aSpain$dCeuta$2lcsh-naf
=662  \\$aMorocco$dTangier$2lcsh-naf
=662  \\$aAlgeria$dAlgiers$2lcsh-naf
=752  \\$aSpain$dMadrid.
=856  40$uhttp://cudl.lib.cam.ac.uk/view/PR-11450-F-00025-00040$yCambridge Digital Library
=859  \\$aXLD$bCambridge Digital Library
=CAT  \\$aWR14_159$b00$c20141016$lBLL01$h1655
=CAT  \\$aWR14_181$c20150323$lBLL01$h1403
=CAT  \\$aW1606-1753$c20171028$lBLL01$h1604
=SRC  \\$aBLWrongdoing
=LAS  \\$aW1606-1753$b00$c20171028$lBLL01$h1604

