=LDR  02030 am a2200481 a 4500
=001  016893782
=003  Uk
=005  20131206122110.0
=006  m\\\\||\\d\|\\\\\\
=007  cr\|||||||||||
=008  121116s1858\\\\sp\a\\\\o\\\\\000\0\spa\\
=FMT  \\$a  BK
=040  \\$aUkCU$beng$cUkCU$dUk
=245  00$aRelacion histórica en que se refiere la peregrina y trágica vida de la penitente anacoreta, la Princesa de Brabante Santa Genoveva :$bsacada de la verídica historia de la misma santa.
=246  30$aSanta Genoveva
=260  \\$aMadrid :$bSe hallará de venta en la plaza de la Cebada, núm. 96,$c1858.
=300  \\$a1 online resource
=336  \\$atext$2rdacontent
=337  \\$acomputer$2rdamedia
=338  \\$aonline resources$2rdacarrier
=500  \\$aText printed in two columns.
=500  \\$aIn verse.
=500  \\$aIllustration at head of title.
=500  \\$aCaption title.
=500  \\$aImprint from colophon.
=500  \\$a"Núm. 74."
=500  \\$aIn two parts. Part two has title: "Segunda parte, en que se da fin á la peregrina historia de la virtuosa Princesa de Brabante Santa Genoveva.
=599  \\$aItem no. T41 in volume 11450.f.25.$5Uk
=533  \\$aElectronic Reproduction$bLondon$cBritish Library$d2012$nItem no. T41 in volume 11450.f.25.$5Uk
=650  \0$aGeneviève, of Brabant (Legendary character)
=650  \0$aRevenge.
=650  \4$aVenganza.
=653  \1$aGenoveva, de Brabante (Personaje legendario)
=655  \7$aChapbooks$zSpain.$2rbgenr
=740  02$aSegunda parte, en que se da fin á la peregrina historia de la virtuosa Princesa de Brabante Santa Genoveva.
=752  \\$aSpain$dMadrid.
=856  40$uhttp://cudl.lib.cam.ac.uk/view/PR-11450-F-00025-00041$yCambridge Digital Library
=859  \\$aXLD$bCambridge Digital Library
=CAT  \\$aWR14_159$b00$c20141016$lBLL01$h1655
=CAT  \\$aWR14_181$c20150323$lBLL01$h1403
=CAT  \\$aW1606-1753$c20171028$lBLL01$h1604
=SRC  \\$aBLWrongdoing
=LAS  \\$aW1606-1753$b00$c20171028$lBLL01$h1604

