=LDR  02176 am a2200505 a 4500
=001  016893784
=003  Uk
=005  20140530122539.0
=006  m\\\\||\\d\|\\\\\\
=007  cr\|||||||||||
=008  121116s1858\\\\sp\a\\\\o\\\\\000\0\spa\\
=FMT  \\$a  BK
=040  \\$aUkCU$beng$cUkCU$dUk
=245  00$aDoña Isabel Gonzalez :$bNueva relacion en la que se da cuenta de la usura y avaricia que tenia esta señora y poca caridad para con los pobres, y como luego se arrepintió y dió su hacienda á los necesitados por haber visto el premio que á una criada suya la concedió Dios por ser muy caritativa : con lo demas que se espresa en este papel.
=246  30$aNueva relacion en la que se da cuenta de la usura y avaricia que tenia esta señora y poca caridad para con los pobres
=260  \\$aMadrid :$bImprenta á cargo de José M. Marés, plaza de la Cebada, n.° 96,$c1858.
=300  \\$a1 online resource
=336  \\$atext$2rdacontent
=337  \\$acomputer$2rdamedia
=338  \\$aonline resources$2rdacarrier
=500  \\$aText printed in two columns.
=500  \\$aIn verse.
=500  \\$aIllustration at head of title.
=500  \\$aCaption title.
=500  \\$aImprint from colophon.
=500  \\$a"Núm. 191."
=599  \\$aItem no. T43 in volume 11450.f.25.$5Uk
=533  \\$aElectronic Reproduction$bLondon$cBritish Library$d2012$nItem no. T43 in volume 11450.f.25.$5Uk
=650  \4$aIsabel de Gonzalez (Fictitious character)
=650  \0$aAvarice.
=650  \0$aRepentance$xChristianity.
=650  \0$aJudgement of God
=650  \4$aAvaricia.
=650  \4$aArrepentimiento$xCristianismo.
=653  \1$aIsabel de Gonzalez (Personaje ficticio)
=655  \7$aChapbooks$zSpain.$2rbgenr
=662  \\$aSpain$dAragon$2lcsh-naf
=752  \\$aSpain$dMadrid.
=856  40$uhttp://cudl.lib.cam.ac.uk/view/PR-11450-F-00025-00043$yCambridge Digital Library
=859  \\$aXLD$bCambridge Digital Library
=CAT  \\$aWR14_159$b00$c20141016$lBLL01$h1655
=CAT  \\$aWR14_181$c20150323$lBLL01$h1403
=CAT  \\$aW1606-1753$c20171028$lBLL01$h1604
=SRC  \\$aBLWrongdoing
=LAS  \\$aW1606-1753$b00$c20171028$lBLL01$h1604

