=LDR  01976 am a2200481 a 4500
=001  016893785
=003  Uk
=005  20130729150309.0
=006  m\\\\||\\d\|\\\\\\
=007  cr\|||||||||||
=008  121116s1858\\\\sp\a\\\\o\\\\\000\0\spa\\
=FMT  \\$a  BK
=040  \\$aUkCU$beng$cUkCU$dUk
=245  00$aJuan Lanas :$bCoplas muy divertidas de un hombre trabajador del campo, que viniendo de su trabajo halló á su muger cercana al parto y la casa á oscuras : Refiérese lá mala noche que pasó el pobre, y lo demas que verá el lector /$ccompuestas por el Licenciado Gorrion.
=246  30$aCoplas muy divertidas de un hombre trabajador del campo
=260  \\$aMadrid :$bImprenta á cargo de José M. Marés, plaza de la Cebada, núm. 96,$c1858.
=300  \\$a1 online resource
=336  \\$atext$2rdacontent
=337  \\$acomputer$2rdamedia
=338  \\$aonline resources$2rdacarrier
=500  \\$aText printed in two columns.
=500  \\$aIn verse.
=500  \\$aTwo separate illustrations incorporated within title.
=500  \\$aCaption title.
=500  \\$aImprint from colophon.
=500  \\$a"Núm. 116."
=599  \\$aItem no. T44 in volume 11450.f.25.$5Uk
=533  \\$aElectronic Reproduction$bLondon$cBritish Library$d2012$nItem no. T44 in volume 11450.f.25.$5Uk
=650  \0$aSongs, Spanish$vTexts.
=650  \4$aLanas, Juan (Fictitious character)
=650  \0$aChildbirth.
=650  \4$aParto.
=653  \0$aCanciones españolas--Textos.
=653  \1$aLanas, Juan (Personaje ficticio)
=655  \7$aChapbooks$zSpain.$2rbgenr
=752  \\$aSpain$dMadrid.
=856  40$uhttp://cudl.lib.cam.ac.uk/view/PR-11450-F-00025-00044$yCambridge Digital Library
=859  \\$aXLD$bCambridge Digital Library
=CAT  \\$aWR14_159$b00$c20141016$lBLL01$h1655
=CAT  \\$aWR14_181$c20150323$lBLL01$h1403
=CAT  \\$aW1606-1753$c20171028$lBLL01$h1604
=SRC  \\$aBLWrongdoing
=LAS  \\$aW1606-1753$b00$c20171028$lBLL01$h1604

