=LDR  01864 am a2200469 a 4500
=001  016893793
=003  Uk
=005  20140321144517.0
=006  m\\\\||\\d\|\\\\\\
=007  cr\|||||||||||
=008  121120s1858\\\\sp\a\\\\o\\\\\000\0\spa\\
=FMT  \\$a  BK
=040  \\$aUkCU$beng$cUkCU$dUk
=245  00$aDécimas místicas de la sagrada pasion y muerte, resurreccion y ascension gloriosa de Nuestro Señor Jesucristo :$bcon otras varias.
=260  \\$aMadrid :$bSe hallará en la plazuela de la Cebada, núm. 96,$c1858.
=300  \\$a1 online resource
=336  \\$atext$2rdacontent
=337  \\$acomputer$2rdamedia
=338  \\$aonline resources$2rdacarrier
=500  \\$aText printed in two columns.
=500  \\$aIn verse.
=500  \\$aIllustration at head of title.
=500  \\$aCaption title.
=500  \\$aImprint from colophon.
=500  \\$a"Núm. 237."
=500  \\$a"Trovos misticos, dolorosa despedida entre nuestro divino redentor Jesus y su santisima madre": p. [4].
=599  \\$aItem no. T52 in volume 11450.f.25.$5Uk
=533  \\$aElectronic Reproduction$bLondon$cBritish Library$d2012$nItem no. T52 in volume 11450.f.25.$5Uk
=600  00$aJesus Christ.
=650  \0$aChristian literature, Spanish.
=600  04$aJesucristo.
=650  \4$aLiteratura religiosa española.
=655  \7$aChapbooks$zSpain.$2rbgenr
=740  02$aTrovos misticos, dolorosa despedida entre nuestro divino redentor Jesus y su santisima madre.
=752  \\$aSpain$dMadrid.
=856  40$uhttp://cudl.lib.cam.ac.uk/view/PR-11450-F-00025-00052$yCambridge Digital Library
=859  \\$aXLD$bCambridge Digital Library
=CAT  \\$aWR14_159$b00$c20141016$lBLL01$h1655
=CAT  \\$aWR14_181$c20150323$lBLL01$h1403
=CAT  \\$aW1606-1753$c20171028$lBLL01$h1604
=SRC  \\$aBLWrongdoing
=LAS  \\$aW1606-1753$b00$c20171028$lBLL01$h1604

