=LDR  02126 am a2200469 a 4500
=001  016893799
=003  Uk
=005  20130613143935.0
=006  m\\\\||\\d\|\\\\\\
=007  cr\|||||||||||
=008  121120q18421859sp\a\\\\o\\\\\000\0\spa\\
=FMT  \\$a  BK
=040  \\$aUkCU$beng$cUkCU$dUk
=245  03$aLa Isla de Jauja :$bRelacion en que se manifiesta el descubrimiento de una isla llamada Jauja, la mas rica y abundante de todo cuanto hay en el mundo, descubierta por el afortunado capitan llamado Longares : compuesta por un marinero que iba en el navio que la descubrió como uno de los testigos de vista de lo que aqui se refiere.
=246  30$aRelacion en que se manifiesta el descubrimiento de una isla llamada Jauja
=260  \\$aMadrid :$bSe hallará de venta en la plazuela de la Cebada, núm. 96,$c[between 1842 and 1859?]
=300  \\$a1 online resource
=336  \\$atext$2rdacontent
=337  \\$acomputer$2rdamedia
=338  \\$aonline resources$2rdacarrier
=500  \\$aText printed in two columns.
=500  \\$aIn verse.
=500  \\$aIllustration incorporated within title; additional illustration at head of p. [3] with caption "Llegada del navío á la isla de Jauja."
=500  \\$aCaption title.
=500  \\$aImprint from colophon.
=500  \\$a"Núm. 28."
=599  \\$aItem no. T58 in volume 11450.f.25.$5Uk
=533  \\$aElectronic Reproduction$bLondon$cBritish Library$d2012$nItem no. T58 in volume 11450.f.25.$5Uk
=650  \4$aLongares de Sentlom y de Gorgas (Fictitious character)
=650  \0$aVoyages and travels.
=650  \4$aViajes.
=650  \4$aIslas.
=653  \1$aLongares de Sentlom y de Gorgas (Personaje ficticio)
=655  \7$aChapbooks$zSpain.$2rbgenr
=752  \\$aSpain$dMadrid.
=856  40$uhttp://cudl.lib.cam.ac.uk/view/PR-11450-F-00025-00058$yCambridge Digital Library
=859  \\$aXLD$bCambridge Digital Library
=CAT  \\$aWR14_159$b00$c20141016$lBLL01$h1655
=CAT  \\$aWR14_181$c20150323$lBLL01$h1403
=CAT  \\$aW1606-1753$c20171028$lBLL01$h1604
=SRC  \\$aBLWrongdoing
=LAS  \\$aW1606-1753$b00$c20171028$lBLL01$h1604

