=LDR  02334 am a2200505 a 4500
=001  016893800
=003  Uk
=005  20140530122727.0
=006  m\\\\||\\d\|\\\\\\
=007  cr\|||||||||||
=008  121120s1858\\\\sp\a\\\\o\\\\\000\0\spa\\
=FMT  \\$a  BK
=040  \\$aUkCU$beng$cUkCU$dUk
=245  04$aLos cinco hijos de un parto :$bVerdadera y estraña relacion del maravilloso parto de cinco hijos varones, que ha dado á luz una muger llamada Maria Gutierrez, natural del pueblo de Jalapa, casada con Isidro Lopez : Declárase la señal con que nació cada uno : el primero con una espiga de trigo en la mano, el segundo con otra de cebada, el tercero con dos espadas en cruz sobre el vientre, el cuarto con un racimo de uvas en la mano derecha, y el quinto con una vara tambien en la mano derecha.
=246  30$aVerdadera y estraña relacion del maravilloso parto de cinco hijos varones
=260  \\$aMadrid :$bSe hallará de venta en la plaza de la Cebada, núm. 96,$c1858.
=300  \\$a1 online resource
=336  \\$atext$2rdacontent
=337  \\$acomputer$2rdamedia
=338  \\$aonline resources$2rdacarrier
=500  \\$aText printed in two columns.
=500  \\$aIn verse.
=500  \\$aIllustration at head of title.
=500  \\$aCaption title.
=500  \\$aImprint from colophon.
=500  \\$a"Lamentos funebres del tierno esposo á la inesperada muerte de su amada consorte": p. [3-4].
=500  \\$a"Núm. 157."
=599  \\$aItem no. T59 in volume 11450.f.25.$5Uk
=533  \\$aElectronic Reproduction$bLondon$cBritish Library$d2012$nItem no. T59 in volume 11450.f.25.$5Uk
=650  \0$aChildbirth.
=650  \0$aPregnant women.
=650  \0$aBereavement.
=650  \4$aParto.
=650  \4$aMujeres embarazadas.
=650  \4$aDuelo (Luto)
=655  \7$aChapbooks$zSpain.$2rbgenr
=740  02$aLamentos funebres del tierno esposo á la inesperada muerte de su amada consorte.
=752  \\$aSpain$dMadrid.
=856  40$uhttp://cudl.lib.cam.ac.uk/view/PR-11450-F-00025-00059$yCambridge Digital Library
=859  \\$aXLD$bCambridge Digital Library
=CAT  \\$aWR14_159$b00$c20141016$lBLL01$h1655
=CAT  \\$aWR14_181$c20150323$lBLL01$h1403
=CAT  \\$aW1606-1753$c20171028$lBLL01$h1604
=SRC  \\$aBLWrongdoing
=LAS  \\$aW1606-1753$b00$c20171028$lBLL01$h1604

