=LDR  02310 am a2200505 a 4500
=001  016893805
=003  Uk
=005  20140207142939.0
=006  m\\\\||\\d\|\\\\\\
=007  cr\|||||||||||
=008  121120s1858\\\\sp\a\\\\o\\\\\000\0\spa\\
=FMT  \\$a  BK
=040  \\$aUkCU$beng$cUkCU$dUk
=245  00$aCasamiento entre dos damas :$bNueva relacion en que se refieren los raros sucesos de una señora natural de la córte de Viena y la fortuna que tuvo, habiéndose salido de su patria disfrazada en busca de un amante suyo : primera parte.
=246  30$aNueva relacion en que se refieren los raros sucesos de una señora natural de la córte de Viena
=260  \\$aMadrid :$bImprenta á cargo de José M. Marés, plazuela de la Cebada, núm. 96,$c1858.
=300  \\$a1 online resource
=336  \\$atext$2rdacontent
=337  \\$acomputer$2rdamedia
=338  \\$aonline resources$2rdacarrier
=500  \\$aText printed in two columns.
=500  \\$aIn verse.
=500  \\$aIllustration incorporated within title; second part with additional illustration at head of title.
=500  \\$aCaption title.
=500  \\$aImprint from colophon.
=500  \\$a"Núm. 184."
=500  \\$aIn two parts. Part two has title: Segunda parte, en que se finalizan los varios sucesos de doña Gertrudis, con el mas raro caso que han visto los nacidos.
=599  \\$aItem no. T64 in volume 11450.f.25.$5Uk
=533  \\$aElectronic Reproduction$bLondon$cBritish Library$d2012$nItem no. T64 in volume 11450.f.25.$5Uk
=650  \0$aSex role.
=650  \0$aMistaken identity.
=650  \4$aRol sexual.
=653  \0$aFalsificación de identidad.
=655  \7$aChapbooks$zSpain.$2rbgenr
=662  \\$aAustria$dVienna$2lcsh-naf
=662  \\$aGreece$2lcsh-naf
=740  02$aSegunda parte, en que se finalizan los varios sucesos de doña Gertrudis, con el mas raro caso que han visto los nacidos.
=752  \\$aSpain$dMadrid.
=856  40$uhttp://cudl.lib.cam.ac.uk/view/PR-11450-F-00025-00064$yCambridge Digital Library
=859  \\$aXLD$bCambridge Digital Library
=CAT  \\$aWR14_159$b00$c20141016$lBLL01$h1655
=CAT  \\$aWR14_181$c20150323$lBLL01$h1403
=CAT  \\$aW1606-1753$c20171028$lBLL01$h1604
=SRC  \\$aBLWrongdoing
=LAS  \\$aW1606-1753$b00$c20171028$lBLL01$h1604

