=LDR  01980 am a2200505 a 4500
=001  016893808
=003  Uk
=005  20140530122623.0
=006  m\\\\||\\d\|\\\\\\
=007  cr\|||||||||||
=008  121120s1858\\\\sp\a\\\\o\\\\\000\0\spa\\
=FMT  \\$a  BK
=040  \\$aUkCU$beng$cUkCU$dUk
=245  00$aDecimas compuestas por un reo estando en capilla en la ciudad de Sevilla llamado Vicente Perez, corneta de La Habana.
=260  \\$aMadrid :$bImprenta á cargo de José M. Marés, plaza de la Cebada, núm. 96,$c1858.
=300  \\$a1 online resource
=336  \\$atext$2rdacontent
=337  \\$acomputer$2rdamedia
=338  \\$aonline resources$2rdacarrier
=500  \\$aText printed in two columns.
=500  \\$aIn verse.
=500  \\$aIllustration at head of title; additional illustration at head of p. [4] .
=500  \\$aCaption title.
=500  \\$aImprint from colophon.
=500  \\$a"Número 235 ."
=500  \\$a"Otras décimas sin glosar": p. [3].
=500  \\$a"Suplicio del corneta Perez: palabras": p. [4].
=599  \\$aItem no. T67 in volume 11450.f.25.$5Uk
=533  \\$aElectronic Reproduction$bLondon$cBritish Library$d2012$nItem no. T67 in volume 11450.f.25.$5Uk
=650  \4$aVicente Pérez (Fictitious character)
=650  \0$aSongs, Spanish$vTexts.
=653  \0$aCanciones españolas--Textos.
=653  \1$aVicente Pérez (Personaje ficticio)
=655  \7$aChapbooks$zSpain.$2rbgenr
=662  \\$aSpain$dSeville$2lcsh-naf
=740  02$aSuplicio del corneta Pérez: palabras.
=740  02$aOtras décimas sin glosar.
=752  \\$aSpain$dMadrid.
=856  40$uhttp://cudl.lib.cam.ac.uk/view/PR-11450-F-00025-00067$yCambridge Digital Library
=859  \\$aXLD$bCambridge Digital Library
=CAT  \\$aWR14_159$b00$c20141016$lBLL01$h1655
=CAT  \\$aWR14_181$c20150323$lBLL01$h1403
=CAT  \\$aW1606-1753$c20171028$lBLL01$h1604
=SRC  \\$aBLWrongdoing
=LAS  \\$aW1606-1753$b00$c20171028$lBLL01$h1604

