=LDR  02308 am a2200529 a 4500
=001  016893809
=003  Uk
=005  20140530122547.0
=006  m\\\\||\\d\|\\\\\\
=007  cr\|||||||||||
=008  121120s1858\\\\sp\a\\\\o\\\\\000\0\spa\\
=FMT  \\$a  BK
=040  \\$aUkCU$beng$cUkCU$dUk
=245  00$aDionisia Perez Losada :$bNueva y curiosa relacion en que se da cuenta del ejemplar castigo que Dios N. S. ha obrado en la ciudad de Zaragoza en este presente año contra un caballero por haber levantado un falso testimonio a una doncella honesta y virtuosa, la cual se vio libre de las asechanzas y engaños del demonio por ser devota de la Virgen del Pilar y llevar los santos Evangelios : primera parte.
=246  30$aNueva y curiosa relacion en que se da cuenta del ejemplar castigo que Dios N. S. ha obrado en la ciudad de Zaragoza
=260  \\$aMadrid :$bSe hallará de venta en la plaza de la Cebada, núm. 96,$c1858.
=300  \\$a1 online resource
=336  \\$atext$2rdacontent
=337  \\$acomputer$2rdamedia
=338  \\$aonline resources$2rdacarrier
=500  \\$aText printed in two columns.
=500  \\$aIn verse.
=500  \\$aIllustration incorporated within title.
=500  \\$aCaption title.
=500  \\$aImprint from colophon.
=500  \\$a"Núm. 126."
=500  \\$aIn two parts.
=599  \\$aItem no. T68 in volume 11450.f.25.$5Uk
=533  \\$aElectronic Reproduction$bLondon$cBritish Library$d2012$nItem no. T68 in volume 11450.f.25.$5Uk
=600  00$aJesus Christ$xDevotion to.
=600  04$aJesucristo$xDevoción a.
=650  \4$aDionisia Perez Losada (Fictitious character)
=650  \0$aJudgment of God.
=650  \0$aChristianity and justice.
=650  \4$aDemonio.
=653  \1$aDionisia Perez Losada (Personaje ficticio)
=653  \0$aJusticia divina.
=655  \7$aChapbooks$zSpain.$2rbgenr
=662  \\$aSpain$dZaragoza$2lcsh-naf
=752  \\$aSpain$dMadrid.
=856  40$uhttp://cudl.lib.cam.ac.uk/view/PR-11450-F-00025-00068$yCambridge Digital Library
=859  \\$aXLD$bCambridge Digital Library
=CAT  \\$aWR14_159$b00$c20141016$lBLL01$h1655
=CAT  \\$aWR14_181$c20150323$lBLL01$h1403
=CAT  \\$aW1606-1753$c20171028$lBLL01$h1604
=SRC  \\$aBLWrongdoing
=LAS  \\$aW1606-1753$b00$c20171028$lBLL01$h1604

