=LDR  02022 am a2200505 a 4500
=001  016893811
=003  Uk
=005  20140530122533.0
=006  m\\\\||\\d\|\\\\\\
=007  cr\|||||||||||
=008  121120s1858\\\\sp\a\\\\o\\\\\000\0\spa\\
=FMT  \\$a  BK
=040  \\$aUkCU$beng$cUkCU$dUk
=245  03$aEl famoso Juan Portela:$bNueva relacion en la que se declaran las crueldades y asesinatos que cometió el bandido Juan Portela en la provincia de Córdoba : primera parte.
=246  30$aNueva relacion en la que se declaran las crueldades y asesinatos que cometió el bandido Juan Portela en la provincia de Córdoba
=260  \\$aMadrid :$bSe hallará en la plazuela de la Cebada, núm. 96,$c1858.
=300  \\$a1 online resource
=336  \\$atext$2rdacontent
=337  \\$acomputer$2rdamedia
=338  \\$aonline resources$2rdacarrier
=500  \\$aText printed in two columns.
=500  \\$aIn verse.
=500  \\$aIllustration incorporated within title.
=500  \\$aCaption title.
=500  \\$aImprint from colophon.
=500  \\$a"Núm. 199."
=500  \\$aIn two parts. Part two has title: "Segunda parte en décimas."
=599  \\$aItem no. T70 in volume 11450.f.25.$5Uk
=533  \\$aElectronic Reproduction$bLondon$cBritish Library$d2012$nItem no. T70 in volume 11450.f.25.$5Uk
=650  \0$aBrigands and robbers.
=650  \0$aCriminals.
=650  \4$aJuan Portela (Fictitious character)
=650  \4$aBandoleros.
=650  \4$aDelincuentes.
=653  \1$aJuan Portela (Personaje ficticio)
=655  \7$aChapbooks$zSpain.$2rbgenr
=662  \\$aSpain$dCórdoba$2lcsh-naf
=752  \\$aSpain$dMadrid.
=856  40$uhttp://cudl.lib.cam.ac.uk/view/PR-11450-F-00025-00070$yCambridge Digital Library
=859  \\$aXLD$bCambridge Digital Library
=CAT  \\$aWR14_159$b00$c20141016$lBLL01$h1655
=CAT  \\$aWR14_181$c20150323$lBLL01$h1403
=CAT  \\$aW1606-1753$c20171028$lBLL01$h1604
=SRC  \\$aBLWrongdoing
=LAS  \\$aW1606-1753$b00$c20171028$lBLL01$h1604

