=LDR  01487 am a2200421 a 4500
=001  016893813
=003  Uk
=005  20140530122341.0
=006  m\\\\||\\d\|\\\\\\
=007  cr\|||||||||||
=008  121120q18421859sp\a\\\\o\\\\\000\0\spa\\
=FMT  \\$a  BK
=040  \\$aUkCU$beng$cUkCU$dUk
=245  00$aPasillo de Juan Rana y Anton Rapao.
=260  \\$aMadrid :$bImprenta á cargo de José M. Marés, plaza de la Cebada, núm. 96,$c[between 1842 and 1859?]
=300  \\$a1 online resource
=336  \\$atext$2rdacontent
=337  \\$acomputer$2rdamedia
=338  \\$aonline resources$2rdacarrier
=500  \\$aText printed in two columns.
=500  \\$aIn verse.
=500  \\$aIllustration at head of title.
=500  \\$aCaption title.
=500  \\$aImprint from colophon.
=500  \\$a"Núm. 111."
=599  \\$aItem no. T72 in volume 11450.f.25.$5Uk
=533  \\$aElectronic Reproduction$bLondon$cBritish Library$d2012$nItem no. T72 in volume 11450.f.25.$5Uk
=650  \0$aSatire, Spanish.
=650  \4$aSátira española.
=655  \7$aChapbooks$zSpain.$2rbgenr
=752  \\$aSpain$dMadrid.
=856  40$uhttp://cudl.lib.cam.ac.uk/view/PR-11450-F-00025-00072$yCambridge Digital Library
=859  \\$aXLD$bCambridge Digital Library
=CAT  \\$aWR14_159$b00$c20141016$lBLL01$h1655
=CAT  \\$aWR14_181$c20150323$lBLL01$h1403
=CAT  \\$aW1606-1753$c20171028$lBLL01$h1604
=SRC  \\$aBLWrongdoing
=LAS  \\$aW1606-1753$b00$c20171028$lBLL01$h1604

