=LDR  01850 am a2200493 a 4500
=001  016893816
=003  Uk
=005  20140530122431.0
=006  m\\\\||\\d\|\\\\\\
=007  cr\|||||||||||
=008  121120q18421859sp\a\\\\o\\\\\000\0\spa\\
=FMT  \\$a  BK
=040  \\$aUkCU$beng$cUkCU$dUk
=245  10$aNueva relacion de un hombre jugador y maldiciente que en castígo de su perversidad tuvo que Ilevar el maligno espíritu acuestas por espacio de dos años :$bcon lo demas que verá el lector.
=260  \\$aMadrid :$bSe hallará en la plazuela de la Cebada, núm. 96,$c[between 1842 and 1859?]
=300  \\$a1 online resource
=336  \\$atext$2rdacontent
=337  \\$acomputer$2rdamedia
=338  \\$aonline resources$2rdacarrier
=500  \\$aText printed in two columns.
=500  \\$aIn verse.
=500  \\$aIllustration at head of title.
=500  \\$aCaption title.
=500  \\$aImprint from colophon.
=500  \\$a"Núm. 119."
=599  \\$aItem no. T75 in volume 11450.f.25.$5Uk
=533  \\$aElectronic Reproduction$bLondon$cBritish Library$d2012$nItem no. T75 in volume 11450.f.25.$5Uk
=650  \0$aGamblers.
=650  \0$aRepentance$xChristianity.
=650  \4$aApostadores.
=650  \4$aArrepentimiento$xCristianismo.
=650  \4$aDemonio.
=655  \7$aChapbooks$zSpain.$2rbgenr
=662  \\$aSpain$dMahón$2lcsh-naf
=662  \\$aSpain$dValencia$2lcsh-naf
=662  \\$aSpain$dMurcia$2lcsh-naf
=752  \\$aSpain$dMadrid.
=856  40$uhttp://cudl.lib.cam.ac.uk/view/PR-11450-F-00025-00075$yCambridge Digital Library
=859  \\$aXLD$bCambridge Digital Library
=CAT  \\$aWR14_159$b00$c20141016$lBLL01$h1655
=CAT  \\$aWR14_181$c20150323$lBLL01$h1403
=CAT  \\$aW1606-1753$c20171028$lBLL01$h1604
=SRC  \\$aBLWrongdoing
=LAS  \\$aW1606-1753$b00$c20171028$lBLL01$h1604

