=LDR  01685 am a2200469 a 4500
=001  016893818
=003  Uk
=005  20140530122414.0
=006  m\\\\||\\d\|\\\\\\
=007  cr\|||||||||||
=008  121120q18421859sp\a\\\\o\\\\\000\0\spa\\
=FMT  \\$a  BK
=040  \\$aUkCU$beng$cUkCU$dUk
=245  00$aNueva y lastimosa relacion del horroroso castigo que ha sufrido un jóven por haber intentado seducir á una virtuosa doncella.
=260  \\$aMadrid :$bSe hallará en la plazuela de la Cebada, núm. 96,$c[between 1842 and 1859?]
=300  \\$a1 online resource
=336  \\$atext$2rdacontent
=337  \\$acomputer$2rdamedia
=338  \\$aonline resources$2rdacarrier
=500  \\$aText printed in two columns.
=500  \\$aIn verse.
=500  \\$aIllustration at head of title.
=500  \\$aCaption title.
=500  \\$aImprint from colophon.
=500  \\$a"Núm. 194."
=599  \\$aItem no. T77 in volume 11450.f.25.$5Uk
=533  \\$aElectronic Reproduction$bLondon$cBritish Library$d2012$nItem no. T77 in volume 11450.f.25.$5Uk
=650  \0$aRape.
=650  \0$aJudgment of God.
=650  \0$aChristianity and justice.
=653  \0$aJusticia divina.
=650  \4$aViolación.
=655  \7$aChapbooks$zSpain.$2rbgenr
=662  \\$aAndorra$2lcsh-naf
=752  \\$aSpain$dMadrid.
=856  40$uhttp://cudl.lib.cam.ac.uk/view/PR-11450-F-00025-00077$yCambridge Digital Library
=859  \\$aXLD$bCambridge Digital Library
=CAT  \\$aWR14_159$b00$c20141016$lBLL01$h1655
=CAT  \\$aWR14_181$c20150323$lBLL01$h1403
=CAT  \\$aW1606-1753$c20171028$lBLL01$h1604
=SRC  \\$aBLWrongdoing
=LAS  \\$aW1606-1753$b00$c20171028$lBLL01$h1604

