=LDR  01982 am a2200493 a 4500
=001  016893822
=003  Uk
=005  20140530122516.0
=006  m\\\\||\\d\|\\\\\\
=007  cr\|||||||||||
=008  121120s1858\\\\sp\a\\\\o\\\\\000\0\spa\\
=FMT  \\$a  BK
=040  \\$aUkCU$beng$cUkCU$dUk
=245  00$aHistoria verdadera curiosa y entretenida de la doncella Teodora.
=246  13$aHistoria de la doncella Teodora
=250  \\$aCorregida y aumentada en esta nueva edición.
=260  \\$aMadrid :$bSe hallará de venta en la plaza de la Cebada, núm. 96,$c1858.
=300  \\$a1 online resource
=336  \\$atext$2rdacontent
=337  \\$acomputer$2rdamedia
=338  \\$aonline resources$2rdacarrier
=500  \\$aIn prose.
=500  \\$aIllustration at head of title; decorated initials at the beginning of every chapter and on the introduction; additional illustration on page 16.
=500  \\$aCaption title.
=500  \\$a"Tres pliegos."
=599  \\$aItem no. T81 in volume 11450.f.25.$5Uk
=599  \\$aLibrary copy has pages 5 and 6 preceeding the title page; item 80 is bound between pages 4 and 7.$5Uk
=533  \\$aElectronic Reproduction$bLondon$cBritish Library$d2012$nItem no. T81 in volume 11450.f.25.$nLibrary copy has pages 5 and 6 preceeding the title page; item 80 is bound between pages 4 and 7.$5Uk
=650  \0$aWisdom.
=650  \0$aHoroscopes.
=650  \4$aSabiduría.
=650  \4$aHoróscopo.
=650  \4$aComerciantes.
=655  \7$aChapbooks$zSpain.$2rbgenr
=662  \\$aHungary$2lcsh-naf
=662  \\$aTunisia$2lcsh-naf
=752  \\$aSpain$dMadrid.
=856  40$uhttp://cudl.lib.cam.ac.uk/view/PR-11450-F-00025-00081$yCambridge Digital Library
=859  \\$aXLD$bCambridge Digital Library
=CAT  \\$aWR14_159$b00$c20141016$lBLL01$h1655
=CAT  \\$aWR14_181$c20150323$lBLL01$h1403
=CAT  \\$aW1606-1753$c20171028$lBLL01$h1604
=SRC  \\$aBLWrongdoing
=LAS  \\$aW1606-1753$b00$c20171028$lBLL01$h1604

