=LDR  02389 am a2200493 a 4500
=001  016893823
=003  Uk
=005  20140530122318.0
=006  m\\\\||\\d\|\\\\\\
=007  cr\|||||||||||
=008  121120s1859\\\\sp\a\\\\o\\\\\000\0\spa\\
=FMT  \\$a  BK
=040  \\$aUkCU$beng$cUkCU$dUk
=245  03$aEl ratón de Canarias :$bRelacion graciosa y divertida en que se refieren los estragos, muertes y valentías ejecutadas por un raton que se descubrió en las islas de Canarias, en casa de un tejedor, segun consta de una carta que recibió el autor de un amigo suyo : con lo demas que verá el curioso lector : primera parte.
=246  30$aRelacion graciosa y divertida en que se refieren los estragos, muertes y valentías ejecutadas por un raton
=260  \\$aMadrid :$bImprenta de José M. Marés, plazuela de la Cebada, núm. 96,$c1859.
=300  \\$a1 online resource
=336  \\$atext$2rdacontent
=337  \\$acomputer$2rdamedia
=338  \\$aonline resources$2rdacarrier
=500  \\$aText printed in two columns.
=500  \\$aIn verse.
=500  \\$aIllustration incorporated within title.
=500  \\$aCaption title.
=500  \\$aImprint from colophon.
=500  \\$a"Núm. 205."
=500  \\$aIn two parts. Part two has title: "Segunda parte en la que se espresa cómo fué cogido el raton por la industria y sagacidad de una vieja, lo que la sucedió á esta por la codicia de meterse á coger ratones y la distribucion que se hizo de los miembros del raton."
=599  \\$aItem no. T82 in volume 11450.f.25.$5Uk
=533  \\$aElectronic Reproduction$bLondon$cBritish Library$d2012$nItem no. T82 in volume 11450.f.25.$5Uk
=650  \0$aSatire, Spanish.
=650  \0$aMice.
=650  \4$aSátira española.
=650  \4$aRatones.
=655  \7$aChapbooks$zSpain.$2rbgenr
=662  \\$aCanary Islands$2lcsh-naf
=740  02$aSegunda parte en la que se espresa cómo fué cogido el raton por la industria y sagacidad de una vieja.
=752  \\$aSpain$dMadrid.
=856  40$uhttp://cudl.lib.cam.ac.uk/view/PR-11450-F-00025-00082$yCambridge Digital Library
=859  \\$aXLD$bCambridge Digital Library
=CAT  \\$aWR14_159$b00$c20141016$lBLL01$h1655
=CAT  \\$aWR14_181$c20150323$lBLL01$h1403
=CAT  \\$aW1606-1753$c20171028$lBLL01$h1604
=SRC  \\$aBLWrongdoing
=LAS  \\$aW1606-1753$b00$c20171028$lBLL01$h1604

