=LDR  02527 am a2200505 a 4500
=001  016893824
=003  Uk
=005  20130211102926.0
=006  m\\\\||\\d\|\\\\\\
=007  cr\|||||||||||
=008  121123q18421859sp\a\\\\o\\\\\000\0\spa\\
=FMT  \\$a  BK
=040  \\$aUkCU$beng$cUkCU$dUk
=245  00$aCambio de calzones por alforjas :$bNueva relacion discreta, graciosa y divertida de lo que sucedió el dia 2 de enero de este presente año á un carbonero que le dieron un par de calzones pensando darle sus propias alforjas : y como una vieja con sus industrias raras engañó de tal manera al carbonero, que aun la dió la mitad del dinero que sacó del carbon : con lo demás que verá el curioso lector : primera parte.
=246  30$aNueva relacion discreta, graciosa y divertida de lo que sucedió el dia 2 de enero de este presente año á un carbonero que le dieron un par de calzones
=260  \\$aMadrid :$bSe hallará de venta en la plaza de Riego (antes de la Cebada), núm. 96, cuarto principal,$c[between 1842 and 1859?]
=300  \\$a1 online resource
=336  \\$atext$2rdacontent
=337  \\$acomputer$2rdamedia
=338  \\$aonline resources$2rdacarrier
=500  \\$aText printed in two columns.
=500  \\$aIn verse.
=500  \\$aIllustration incorporated within title; additional illustration at foot of p. 4; three additional illustrations at head of p. [5].
=500  \\$aCaption title.
=500  \\$aImprint from colophon.
=500  \\$a"Núm. 60."
=500  \\$aIn two parts. Part two has title: "Segunda parte, donde siguen los chistes que le sucedieron al referido carbonero."
=599  \\$aItem no. T83 in volume 11450.f.25.$5Uk
=533  \\$aElectronic Reproduction$bLondon$cBritish Library$d2012$nItem no. T83 in volume 11450.f.25.$5Uk
=650  \0$aAdultery.
=650  \0$aMan-woman relationships.
=650  \4$aAdulterio.
=650  \4$aRelaciones hombre-mujer.
=650  \4$aAncianas.
=650  \4$aCarboneros.
=655  \7$aChapbooks$zSpain.$2rbgenr
=740  02$aSegunda parte, donde siguen los chistes que le sucedieron al referido carbonero.
=752  \\$aSpain$dMadrid.
=856  40$uhttp://cudl.lib.cam.ac.uk/view/PR-11450-F-00025-00083$yCambridge Digital Library
=859  \\$aXLD$bCambridge Digital Library
=CAT  \\$aWR14_159$b00$c20141016$lBLL01$h1655
=CAT  \\$aWR14_181$c20150323$lBLL01$h1403
=CAT  \\$aW1606-1753$c20171028$lBLL01$h1604
=SRC  \\$aBLWrongdoing
=LAS  \\$aW1606-1753$b00$c20171028$lBLL01$h1604

