=LDR  02211 am a2200553 a 4500
=001  016893825
=003  Uk
=005  20140530122232.0
=006  m\\\\||\\d\|\\\\\\
=007  cr\|||||||||||
=008  121123s1859\\\\sp\a\\\\o\\\\\000\0\spa\\
=FMT  \\$a  BK
=040  \\$aUkCU$beng$cUkCU$dUk
=245  00$aSebastiana del Castillo :$bNueva y curiosa relacion en la que se declaran la vida y grandes atrocidades que ejecutó una alevosa mujer llamada Sebastiana del Castillo contra sus padres y hermanos y el castigo que sufrió luego en Ciudad-Rodrigo : primera parte.
=246  30$aNueva y curiosa relacion en la que se declaran la vida y grandes atrocidades que ejecutó una alevosa mujer llamada Sebastiana del Castillo
=260  \\$aMadrid :$bImprenta de José María Marés, plazuela de la Cebada, núm. 96,$c1859.
=300  \\$a1 online resource
=336  \\$atext$2rdacontent
=337  \\$acomputer$2rdamedia
=338  \\$aonline resources$2rdacarrier
=500  \\$aText printed in two columns.
=500  \\$aIn verse.
=500  \\$aIllustration incorporated within title.
=500  \\$aCaption title.
=500  \\$aImprint from colophon.
=500  \\$a"Núm. 14."
=500  \\$aIn two parts.
=599  \\$aItem no. T84 in volume 11450.f.25.$5Uk
=533  \\$aElectronic Reproduction$bLondon$cBritish Library$d2012$nItem no. T84 in volume 11450.f.25.$5Uk
=650  \4$aSebastiana del Castillo (Fictitious character)
=650  \0$aAtrocities.
=650  \0$aFratricide.
=650  \0$aParricide.
=650  \0$aRevenge.
=650  \4$aAtrocidades.
=650  \4$aFratricidio.
=650  \4$aParricidio.
=650  \4$aVenganza.
=653  \1$aSebastiana del Castillo (Personaje ficticio)
=655  \7$aChapbooks$zSpain.$2rbgenr
=662  \\$aSpain$dCiudad-Rodrigo$2lcsh-naf
=752  \\$aSpain$dMadrid.
=856  40$uhttp://cudl.lib.cam.ac.uk/view/PR-11450-F-00025-00084$yCambridge Digital Library
=859  \\$aXLD$bCambridge Digital Library
=CAT  \\$aWR14_159$b00$c20141016$lBLL01$h1655
=CAT  \\$aWR14_181$c20150323$lBLL01$h1403
=CAT  \\$aW1606-1753$c20171028$lBLL01$h1604
=SRC  \\$aBLWrongdoing
=LAS  \\$aW1606-1753$b00$c20171028$lBLL01$h1604

