=LDR  01826 am a2200493 a 4500
=001  016893829
=003  Uk
=005  20130211102846.0
=006  m\\\\||\\d\|\\\\\\
=007  cr\|||||||||||
=008  121123s1859\\\\sp\a\\\\o\\\\\000\0\spa\\
=FMT  \\$a  BK
=040  \\$aUkCU$beng$cUkCU$dUk
=245  00$aCancion divertida de Juan Soldado.
=260  \\$aMadrid :$bImprenta á cargo de José M. Marés, plazuela de la Cebada, núm. 96,$c1859.
=300  \\$a1 online resource
=336  \\$atext$2rdacontent
=337  \\$acomputer$2rdamedia
=338  \\$aonline resources$2rdacarrier
=500  \\$aText printed in two columns.
=500  \\$aIn verse.
=500  \\$aTwo separate illustrations at head of title.
=500  \\$aCaption title.
=500  \\$aImprint from colophon.
=500  \\$a"Núm. 128."
=500  \\$a"Decimas de un soldado practico en el servicio": p. [2].
=500  \\$a"Decimas de un jugador": p. [4].
=599  \\$aItem no. T88 in volume 11450.f.25.$5Uk
=533  \\$aElectronic Reproduction$bLondon$cBritish Library$d2012$nItem no. T88 in volume 11450.f.25.$5Uk
=650  \0$aSongs, Spanish$vTexts.
=650  \4$aJuan Soldado (Fictitious character)
=653  \0$aCanciones españolas--Textos.
=653  \1$aJuan Soldado (Personaje ficticio)
=655  \7$aChapbooks$zSpain.$2rbgenr
=740  02$aDecimas de un soldado practico en el servicio.
=740  02$aDecimas de un jugador.
=752  \\$aSpain$dMadrid.
=856  40$uhttp://cudl.lib.cam.ac.uk/view/PR-11450-F-00025-00088$yCambridge Digital Library
=859  \\$aXLD$bCambridge Digital Library
=CAT  \\$aWR14_159$b00$c20141016$lBLL01$h1655
=CAT  \\$aWR14_181$c20150323$lBLL01$h1403
=CAT  \\$aW1606-1753$c20171028$lBLL01$h1604
=SRC  \\$aBLWrongdoing
=LAS  \\$aW1606-1753$b00$c20171028$lBLL01$h1604

