=LDR  01782 am a2200481 a 4500
=001  016893830
=003  Uk
=005  20140530122112.0
=006  m\\\\||\\d\|\\\\\\
=007  cr\|||||||||||
=008  121123q18421859sp\a\\\\o\\\\\000\0\spa\\
=FMT  \\$a  BK
=040  \\$aUkCU$beng$cUkCU$dUk
=245  03$aEl trigo y el dinero :$bNueva relacion en que se refiere la disputa que tuvieron el Trigo y el Dinero, sobre cuál de los dos es de mayor escelencia.
=246  30$aNueva relacion en que se refiere la disputa que tuvieron el Trigo y el Dinero
=260  \\$aMadrid :$bSe hallará de venta en la plaza de Riego (antes de la Cebada), núm. 96,$c[between 1842 and 1859?]
=300  \\$a1 online resource
=336  \\$atext$2rdacontent
=337  \\$acomputer$2rdamedia
=338  \\$aonline resources$2rdacarrier
=500  \\$aText printed in two columns.
=500  \\$aIn verse.
=500  \\$aIllustration incorporated within title.
=500  \\$aCaption title.
=500  \\$aImprint from colophon.
=500  \\$a"Núm. 100?."
=599  \\$aItem no. T89 in volume 11450.f.25.$5Uk
=533  \\$aElectronic Reproduction$bLondon$cBritish Library$d2012$nItem no. T89 in volume 11450.f.25.$5Uk
=650  \0$aParody.
=650  \0$aWheat.
=650  \0$aMoney.
=650  \4$aParodia.
=650  \4$aTrigo.
=650  \4$aDinero.
=655  \7$aChapbooks$zSpain.$2rbgenr
=752  \\$aSpain$dMadrid.
=856  40$uhttp://cudl.lib.cam.ac.uk/view/PR-11450-F-00025-00089$yCambridge Digital Library
=859  \\$aXLD$bCambridge Digital Library
=CAT  \\$aWR14_159$b00$c20141016$lBLL01$h1655
=CAT  \\$aWR14_181$c20150323$lBLL01$h1403
=CAT  \\$aW1606-1753$c20171028$lBLL01$h1604
=SRC  \\$aBLWrongdoing
=LAS  \\$aW1606-1753$b00$c20171028$lBLL01$h1604

