=LDR  01756 am a2200469 a 4500
=001  016893832
=003  Uk
=005  20140530122521.0
=006  m\\\\||\\d\|\\\\\\
=007  cr\|||||||||||
=008  121123s1859\\\\sp\a\\\\o\\\\\000\0\spa\\
=FMT  \\$a  BK
=040  \\$aUkCU$beng$cUkCU$dUk
=245  00$aHistoria del enamorado Ricardo y la hermosa Isabela, llamada la española-inglesa :$ben la que se da cuenta de los muchos y raros acontecimientos que sucedieron a estos dos amantes.
=246  30$aEspañola-inglesa
=260  \\$aMadrid :$bSe hallará de venta en la plaza de la Cebada, núm. 96, cto. pral.,$c1859.
=300  \\$a1 online resource
=336  \\$atext$2rdacontent
=337  \\$acomputer$2rdamedia
=338  \\$aonline resources$2rdacarrier
=500  \\$aText printed in two columns.
=500  \\$aIn verse.
=500  \\$aIllustration at head of title.
=500  \\$aCaption title.
=500  \\$a"Tres pliegos."
=500  \\$aIn six parts.
=599  \\$aItem no. T91 in volume 11450.f.25.$5Uk
=533  \\$aElectronic Reproduction$bLondon$cBritish Library$d2012$nItem no. T91 in volume 11450.f.25.$5Uk
=650  \0$aCourtship.
=650  \4$aCortejo amoroso.
=655  \7$aChapbooks$zSpain.$2rbgenr
=662  \\$aSpain$dCádiz$2lcsh-naf
=662  \\$aSpain$dSeville$2lcsh-naf
=662  \\$aEngland$dLondon$2lcsh-naf
=752  \\$aSpain$dMadrid.
=856  40$uhttp://cudl.lib.cam.ac.uk/view/PR-11450-F-00025-00091$yCambridge Digital Library
=859  \\$aXLD$bCambridge Digital Library
=CAT  \\$aWR14_159$b00$c20141016$lBLL01$h1655
=CAT  \\$aWR14_181$c20150323$lBLL01$h1403
=CAT  \\$aW1606-1753$c20171028$lBLL01$h1604
=SRC  \\$aBLWrongdoing
=LAS  \\$aW1606-1753$b00$c20171028$lBLL01$h1604

