=LDR  01968 am a2200457 a 4500
=001  016893833
=003  Uk
=005  20130523142552.0
=006  m\\\\||\\d\|\\\\\\
=007  cr\|||||||||||
=008  130523s1828\\\\sp\a\\\\o\\\\\000\0\spa\\
=FMT  \\$a  BK
=040  \\$aUkCU$beng$cUkCU$dUk
=245  00$aRomance nuevo de Don Carlos Lope de Arimanza y Doña Gabriela Altube.
=260  \\$aCon licencia Barcelona :$bEn la Imprenta de Estivill, calle de la Boria,$caño 1828.
=300  \\$a1 online resource
=336  \\$atext$2rdacontent
=337  \\$acomputer$2rdamedia
=338  \\$aonline resources$2rdacarrier
=500  \\$aText printed in two columns.
=500  \\$aIn verse.
=500  \\$aIllustration below title.
=500  \\$aCaption title.
=500  \\$aImprint from colophon.
=500  \\$a"C. Núm. 3."
=500  \\$a"Este romance no contiene, como casi todos los demas, aventuras increibles por su estravagancia é inverosimilitud, sino lances tiernos é interesantes, pero que son muy posibles. Está escrito en versos claros y sencillos, á fin de adaptarse á la capacidad de toda clase de lectores."
=599  \\$aItem no. T1 in volume 11450.f.26.$5Uk
=533  \\$aElectronic Reproduction$bLondon$cBritish Library$d2012$nItem no. T1 in volume 11450.f.26.$5Uk
=650  \4$aCarlos Lope de Arimanza (Fictitious character)
=650  \4$aGabriela Altube (Fictitious character)
=653  \1$aCarlos Lope de Arimanza (Personaje ficticio)
=653  \1$aGabriela Altube (Personaje ficticio)
=655  \7$aChapbooks$zSpain.$2rbgenr
=752  \\$aSpain$dBarcelona.
=856  40$uhttp://cudl.lib.cam.ac.uk/view/PR-11450-F-00026-00001$yCambridge Digital Library
=859  \\$aXLD$bCambridge Digital Library
=CAT  \\$aWR14_159$b00$c20141016$lBLL01$h1655
=CAT  \\$aWR14_181$c20150323$lBLL01$h1403
=CAT  \\$aW1606-1753$c20171028$lBLL01$h1604
=SRC  \\$aBLWrongdoing
=LAS  \\$aW1606-1753$b00$c20171028$lBLL01$h1604

