=LDR  01760 am a2200457 a 4500
=001  016893834
=003  Uk
=005  20130523145412.0
=006  m\\\\||\\d\|\\\\\\
=007  cr\|||||||||||
=008  130523s1826\\\\sp\a\\\\o\\\\\000\0\cat\d
=FMT  \\$a  BK
=040  \\$aUkCU$beng$cUkCU$dUk
=245  00$a[C]anso nova den Geroni y la Pepa, en la que se espresa [u]na conuersa que tingueren antes de pasar auant [l]o casarse :$bla que pot ser molt util a alguns promesos.
=260  \\$aAb llicencia Barcelona :$bEn la Estampa de Ignasi Estivill, se ven en sa Llibreria carrer de la Boria,$cany 1826.
=300  \\$a1 online resource
=336  \\$atext$2rdacontent
=337  \\$acomputer$2rdamedia
=338  \\$aonline resources$2rdacarrier
=500  \\$aText printed in two columns.
=500  \\$aIn verse.
=500  \\$aTwo separate illustrations at head of title.
=500  \\$aCaption title.
=500  \\$aImprint from colophon.
=599  \\$aItem no. T2 in volume 11450.f.26.$5Uk
=533  \\$aElectronic Reproduction$bLondon$cBritish Library$d2012$nItem no. T2 in volume 11450.f.26.$5Uk
=650  \0$aSongs, Spanish$vTexts.
=650  \0$aMan-woman relationships.
=650  \0$aMarriage.
=653  \0$aCanciones españolas--Textos.
=650  \4$aRelaciones hombre-mujer.
=650  \4$aMatrimonio.
=655  \7$aChapbooks$zSpain.$2rbgenr
=752  \\$aSpain$dBarcelona.
=856  40$uhttp://cudl.lib.cam.ac.uk/view/PR-11450-F-00026-00002$yCambridge Digital Library
=859  \\$aXLD$bCambridge Digital Library
=CAT  \\$aWR14_159$b00$c20141016$lBLL01$h1655
=CAT  \\$aWR14_181$c20150323$lBLL01$h1403
=CAT  \\$aW1606-1753$c20171028$lBLL01$h1604
=SRC  \\$aBLWrongdoing
=LAS  \\$aW1606-1753$b00$c20171028$lBLL01$h1604

