=LDR  02352 am a2200601 a 4500
=001  016893839
=003  Uk
=005  20140602100730.0
=006  m\\\\||\\d\|\\\\\\
=007  cr\|||||||||||
=008  130523q18161852sp\a\\\\o\\\\\000\0\spa\d
=FMT  \\$a  BK
=040  \\$aUkCU$beng$cUkCU$dUk
=245  00$aRomance nuevo :$bLa comadrona de Paris : en el cual se refiere la historia de Casimira Liberata Belleton, natural de Suecia, la que habiendo huído de la [c]iudad de Estralsund con un hombre disoluto, este la abandonó [e]n cinta y ella desesperada se arrojó á un rio de donde la sacó un ladron, con lo demas que se refiere.
=246  30$aComadrona de Paris
=260  \\$aBarcelona :$bEn la Imprenta de Ignacio Estivill,$c[between 1816 and 1852].
=300  \\$a1 online resource
=336  \\$atext$2rdacontent
=337  \\$acomputer$2rdamedia
=338  \\$aonline resources$2rdacarrier
=500  \\$aText printed in two columns.
=500  \\$aIn verse.
=500  \\$aIllustration at head of title.
=500  \\$aCaption title.
=500  \\$aImprint from colophon.
=500  \\$a"Núm. 7."
=599  \\$aItem no. T7 in volume 11450.f.26.$5Uk
=533  \\$aElectronic Reproduction$bLondon$cBritish Library$d2012$nItem no. T7 in volume 11450.f.26.$5Uk
=650  \0$aMidwives.
=650  \0$aThieves.
=650  \0$aInfanticide.
=650  \0$aWomen murderers.
=650  \4$aCasimira Liberata Belleton (Fictitious character)
=650  \4$aComadronas.
=650  \4$aLadrones.
=650  \4$aInfanticidio.
=650  \4$aPrisiones.
=650  \4$aAsesinas.
=653  \1$aCasimira Liberata Belleton (Personaje ficticio)
=655  \7$aChapbooks$zSpain.$2rbgenr
=662  \\$aFrance$dParis$2lcsh-naf
=662  \\$aGermany$dStralsund$2lcsh-naf
=662  \\$aSweden$2lcsh-naf
=700  1\$aEstivill, Ignacio,$dactive 1816-1852$cactive 1816-1852,$eprinter.$5Uk
=752  \\$aSpain$dBarcelona.
=856  40$uhttp://cudl.lib.cam.ac.uk/view/PR-11450-F-00026-00007$yCambridge Digital Library
=859  \\$aXLD$bCambridge Digital Library
=CAT  \\$aWR14_159$b00$c20141016$lBLL01$h1655
=CAT  \\$aBATCH-UPD$b00$c20141016$lBLL01$h1715
=CAT  \\$aWR14_181$c20150323$lBLL01$h1403
=CAT  \\$aW1606-1753$c20171028$lBLL01$h1604
=SRC  \\$aBLWrongdoing
=LAS  \\$aW1606-1753$b00$c20171028$lBLL01$h1604

