=LDR  02232 am a2200505 a 4500
=001  016893841
=003  Uk
=005  20140602102316.0
=006  m\\\\||\\d\|\\\\\\
=007  cr\|||||||||||
=008  130523q18161852sp\a\\\\o\\\\\000\0\spa\d
=FMT  \\$a  BK
=040  \\$aUkCU$beng$cUkCU$dUk
=245  00$aConsejos para los que se casan :$bNueva relacion y curioso romance en que se declara la obligacion que se ponen los hombres que toman estado de matrimonio y el consejo que da el autor á los hombres casados, para vivir en paz con sus mugeres y gozar bienes temporales y espirituales : como lo verá el discreto lector : al último van las coplas de Juanilla.
=246  30$aNueva relacion y curioso romance en que se declara la obligacion que se ponen los hombres que toman estado de matrimonio
=260  \\$aBarcelona :$bImprenta de Ignacio Estivill, calle de la Boria,$c[between 1816 and 1852]
=300  \\$a1 online resource
=336  \\$atext$2rdacontent
=337  \\$acomputer$2rdamedia
=338  \\$aonline resources$2rdacarrier
=500  \\$aText printed in two columns.
=500  \\$aIn verse.
=500  \\$aThree separate illustrations at head of title.
=500  \\$aCaption title.
=500  \\$aImprint from colophon.
=500  \\$a"Núm. 16."
=500  \\$a"Coplas de Juanilla": p. [4].
=599  \\$aItem no. T9 in volume 11450.f.26.$5Uk
=533  \\$aElectronic Reproduction$bLondon$cBritish Library$d2012$nItem no. T9 in volume 11450.f.26.$5Uk
=650  \0$aMan-woman relationships.
=650  \0$aMarriage.
=650  \4$aRelaciones hombre-mujer.
=650  \4$aMatrimonio.
=655  \7$aChapbooks$zSpain.$2rbgenr
=700  1\$aEstivill, Ignacio,$dactive 1816-1852$cactive 1816-1852,$eprinter.$5Uk
=740  02$aCoplas de Juanilla.
=752  \\$aSpain$dBarcelona.
=856  40$uhttp://cudl.lib.cam.ac.uk/view/PR-11450-F-00026-00009$yCambridge Digital Library
=859  \\$aXLD$bCambridge Digital Library
=CAT  \\$aWR14_159$b00$c20141016$lBLL01$h1655
=CAT  \\$aBATCH-UPD$b00$c20141016$lBLL01$h1715
=CAT  \\$aWR14_181$c20150323$lBLL01$h1403
=CAT  \\$aW1606-1753$c20171028$lBLL01$h1604
=SRC  \\$aBLWrongdoing
=LAS  \\$aW1606-1753$b00$c20171028$lBLL01$h1604

