=LDR  02129 am a2200529 a 4500
=001  016893850
=003  Uk
=005  20140602102019.0
=006  m\\\\||\\d\|\\\\\\
=007  cr\|||||||||||
=008  130523s1831\\\\sp\a\\\\o\\\\\000\0\spa\\
=FMT  \\$a  BK
=040  \\$aUkCU$beng$cUkCU$dUk
=245  00$aDoña Ines de Alfaro :$bdió muerte á dos hermanos suyos porque se la habian dado á Don Pedro de Aguilar su amante : huyó al campo en trage de hombre, en donde cometió muchos crímenes y asesinatos, y habiendo finalmente sido cojida y sentenciada á la pena capital, se descubrió que era muger, con todo lo demas que se verá.
=260  \\$aBarcelona :$bEn la imprenta de Ignacio Estivill,$cenero de 1831.
=300  \\$a1 online resource
=336  \\$atext$2rdacontent
=337  \\$acomputer$2rdamedia
=338  \\$aonline resources$2rdacarrier
=500  \\$aText printed in two columns.
=500  \\$aIllustration at head of title.
=500  \\$aIn verse.
=500  \\$aCaption title.
=500  \\$aImprint from colophon.
=500  \\$a"Núm. 8."
=599  \\$aItem no. T18 in volume 11450.f.26.$5Uk
=533  \\$aElectronic Reproduction$bLondon$cBritish Library$d2012$nItem no. T18 in volume 11450.f.26.$5Uk
=650  \0$aWomen murderers.
=650  \0$aRevenge.
=650  \0$aFratricide.
=650  \0$aIdentity theft.
=650  \4$aAsesinas.
=650  \4$aVenganza.
=650  \4$aFratricidio.
=650  \4$aInes de Alfaro (Fictitious character)
=653  \0$aFalsificación de identidad.
=653  \1$aInes de Alfaro (Personaje ficticio)
=700  1\$aEstivill, Ignacio,$dactive 1816-1852$cactive 1816-1852,$eprinter.$5Uk
=752  \\$aSpain$dBarcelona.
=856  40$uhttp://cudl.lib.cam.ac.uk/view/PR-11450-F-00026-00018$yCambridge Digital Library
=859  \\$aXLD$bCambridge Digital Library
=CAT  \\$aWR14_159$b00$c20141016$lBLL01$h1655
=CAT  \\$aBATCH-UPD$b00$c20141016$lBLL01$h1707
=CAT  \\$aWR14_181$c20150323$lBLL01$h1403
=CAT  \\$aW1606-1753$c20171028$lBLL01$h1604
=SRC  \\$aBLWrongdoing
=LAS  \\$aW1606-1753$b00$c20171028$lBLL01$h1604

