=LDR  01872 am a2200445 a 4500
=001  016893852
=003  Uk
=005  20130523173002.0
=006  m\\\\||\\d\|\\\\\\
=007  cr\|||||||||||
=008  130523q18221861sp\a\\\\o\\\\\000\0\spa\d
=FMT  \\$a  BK
=040  \\$aUkCU$beng$cUkCU$dUk
=245  00$aTrobos a nuestra amada reina Doña Maria Isabel 2a (que Dios guarde), y á su heroica madre la reina viuda Doña María Cristina, gobernadora del Reino, durante la menor edad de su hija.
=260  \\$aBarcelona :$bImprenta de Estivill, calle de la Boria,$c[between 1822 and 1861?]
=300  \\$a1 online resource
=336  \\$atext$2rdacontent
=337  \\$acomputer$2rdamedia
=338  \\$aonline resources$2rdacarrier
=500  \\$aText printed in two columns.
=500  \\$aIn verse.
=500  \\$aIllustration at head of title.
=500  \\$aCaption title.
=599  \\$aItem no. T20 in volume 11450.f.26.$5Uk
=533  \\$aElectronic Reproduction$bLondon$cBritish Library$d2012$nItem no. T20 in volume 11450.f.26.$5Uk
=600  00$aIsabella$bII,$cQueen of Spain,$d1830-1904.
=600  00$aMaría Cristina,$cQueen, consort of Alfonso XII, King of Spain,$d1858-1929.
=600  04$aIsabel$bII,$cReina de España,$d1830-1904.
=600  04$aMaría Cristina,$cReina, consorte de Alfonso XII, Rey de España,$d1858-1929.
=650  \0$aSongs, Spanish$vTexts.
=653  \0$aCanciones españolas--Textos.
=655  \7$aChapbooks$zSpain.$2rbgenr
=752  \\$aSpain$dBarcelona.
=856  40$uhttp://cudl.lib.cam.ac.uk/view/PR-11450-F-00026-00020$yCambridge Digital Library
=859  \\$aXLD$bCambridge Digital Library
=CAT  \\$aWR14_159$b00$c20141016$lBLL01$h1655
=CAT  \\$aWR14_181$c20150323$lBLL01$h1403
=CAT  \\$aW1606-1753$c20171028$lBLL01$h1604
=SRC  \\$aBLWrongdoing
=LAS  \\$aW1606-1753$b00$c20171028$lBLL01$h1604

