=LDR  01908 am a2200457 a 4500
=001  016893854
=003  Uk
=005  20130524160049.0
=006  m\\\\||\\d\|\\\\\\
=007  cr\|||||||||||
=008  130524q18221861sp\a\\\\o\\\\\000\0\spa\d
=FMT  \\$a  BK
=040  \\$aUkCU$beng$cUkCU$dUk
=100  1\$aColmena Baja, Eusebio de.
=245  14$aLas viudas del día :$bRomance curioso [en] el que se pinta la falsedad de la pesadumbre que muestra con la muerte del primer marido, lo que debe servir de advertencia y leccion á los galanes tontos, que cargan con ellas /$csu autor Don Eusebio de Colmena Baja.
=246  30$aRomance curioso en el que se pinta la falsedad de la pesadumbre que muestra con la muerte del primer marido
=260  \\$aBarcelona :$bImprenta de I. Estivill, calle de la Boria,$c[between 1822 and 1861?]
=300  \\$a1 online resource
=336  \\$atext$2rdacontent
=337  \\$acomputer$2rdamedia
=338  \\$aonline resources$2rdacarrier
=500  \\$aText printed in two columns.
=500  \\$aIn verse.
=500  \\$aTwo separate illustrations incorporated within title.
=500  \\$aCaption title.
=500  \\$aImprint from colophon.
=599  \\$aItem no. T22 in volume 11450.f.26.$5Uk
=533  \\$aElectronic Reproduction$bLondon$cBritish Library$d2012$nItem no. T22 in volume 11450.f.26.$5Uk
=650  \0$aWidows.
=650  \0$aTruthfulness and falsehood.
=650  \4$aMujeres viudas.
=650  \4$aMentira.
=655  \7$aChapbooks$zSpain.$2rbgenr
=752  \\$aSpain$dBarcelona.
=856  40$uhttp://cudl.lib.cam.ac.uk/view/PR-11450-F-00026-00022$yCambridge Digital Library
=859  \\$aXLD$bCambridge Digital Library
=CAT  \\$aWR14_159$b00$c20141016$lBLL01$h1655
=CAT  \\$aWR14_181$c20150323$lBLL01$h1403
=CAT  \\$aW1606-1753$c20171028$lBLL01$h1604
=SRC  \\$aBLWrongdoing
=LAS  \\$aW1606-1753$b00$c20171028$lBLL01$h1604

