=LDR  01643 am a2200469 a 4500
=001  016893855
=003  Uk
=005  20130524102222.0
=006  m\\\\||\\d\|\\\\\\
=007  cr\|||||||||||
=008  130524q18221861sp\a\\\\o\\\\\000\0\spa\d
=FMT  \\$a  BK
=040  \\$aUkCU$beng$cUkCU$dUk
=245  00$aRomance nuevo de los desterrados á Siberia, ó, [L]os amores de Gustavo y Lodviska.
=246  30$aDesterrados
=246  30$aAmores de Gustavo y Lodviska
=260  \\$aBarcelona :$bImprenta de I. Estivill,$c[between 1822 and 1861?]
=300  \\$a1 online resource
=336  \\$atext$2rdacontent
=337  \\$acomputer$2rdamedia
=338  \\$aonline resources$2rdacarrier
=500  \\$aText partially printed in two columns.
=500  \\$aIn verse and prose.
=500  \\$aIllustration at head of title.
=500  \\$aCaption title.
=500  \\$aImprint from colophon.
=599  \\$aItem no. T23 in volume 11450.f.26.$5Uk
=533  \\$aElectronic Reproduction$bLondon$cBritish Library$d2012$nItem no. T23 in volume 11450.f.26.$5Uk
=650  \0$aLove.
=650  \4$aAmor.
=650  \4$aSoldados.
=655  \7$aChapbooks$zSpain.$2rbgenr
=662  \\$aPoland$dWarsaw$2lcsh-naf
=662  \\$aRussia$bSiberia$2lcsh-naf
=752  \\$aSpain$dBarcelona.
=856  40$uhttp://cudl.lib.cam.ac.uk/view/PR-11450-F-00026-00023$yCambridge Digital Library
=859  \\$aXLD$bCambridge Digital Library
=CAT  \\$aWR14_159$b00$c20141016$lBLL01$h1655
=CAT  \\$aWR14_181$c20150323$lBLL01$h1403
=CAT  \\$aW1606-1753$c20171028$lBLL01$h1604
=SRC  \\$aBLWrongdoing
=LAS  \\$aW1606-1753$b00$c20171028$lBLL01$h1604

