=LDR  01572 am a2200445 a 4500
=001  016893858
=003  Uk
=005  20130524104134.0
=006  m\\\\||\\d\|\\\\\\
=007  cr\|||||||||||
=008  130524q18221861sp\a\\\\o\\\\\000\0\spa\d
=FMT  \\$a  BK
=040  \\$aUkCU$beng$cUkCU$dUk
=245  00$aCoplas al sagrado nacimiento de Jesus.
=260  \\$aBarcelona :$bImprenta de Estivill, calle de la Boria,$c[between 1822 and 1861?]
=300  \\$a1 online resource
=336  \\$atext$2rdacontent
=337  \\$acomputer$2rdamedia
=338  \\$aonline resources$2rdacarrier
=500  \\$aText printed in two columns.
=500  \\$aIn verse.
=500  \\$aIllustration at head of title.
=500  \\$aCaption title.
=500  \\$aImprint from colophon.
=500  \\$a"Navidad n. 5."
=599  \\$aItem no. T26 in volume 11450.f.26.$5Uk
=533  \\$aElectronic Reproduction$bLondon$cBritish Library$d2012$nItem no. T26 in volume 11450.f.26.$5Uk
=655  \7$aChapbooks$zSpain.$2rbgenr
=600  00$aJesus Christ$xNativity.
=600  04$aJesucristo$xNatividad.
=650  \0$aChristian literature, Spanish.
=650  \4$aLiteratura religiosa española.
=752  \\$aSpain$dBarcelona.
=856  40$uhttp://cudl.lib.cam.ac.uk/view/PR-11450-F-00026-00026$yCambridge Digital Library
=859  \\$aXLD$bCambridge Digital Library
=CAT  \\$aWR14_159$b00$c20141016$lBLL01$h1655
=CAT  \\$aWR14_181$c20150323$lBLL01$h1403
=CAT  \\$aW1606-1753$c20171028$lBLL01$h1604
=SRC  \\$aBLWrongdoing
=LAS  \\$aW1606-1753$b00$c20171028$lBLL01$h1604

