=LDR  02002 am a2200481 a 4500
=001  016893860
=003  Uk
=005  20130524110013.0
=006  m\\\\||\\d\|\\\\\\
=007  cr\|||||||||||
=008  130524q18221861sp\a\\\\o\\\\\000\0\spa\d
=FMT  \\$a  BK
=040  \\$aUkCU$beng$cUkCU$dUk
=245  03$aEl casamiento por venganza :$bNuevo romance en que se da cuenta de los sucesos acaecidos a un príncipe de Sicilia, y de sus amores con Doña Blanca hija de su primer ministro : de la violencia que este hizo á su hija entregàndola por esposa al Condestable, y de la muerte desgraciada de estos esposos, con otros sucesos que verá el lector.
=246  30$aNuevo romance en que se da cuenta de los sucesos acaecidos a un príncipe de Sicilia
=260  \\$aBarcelona :$bImprenta de Estivill,$c[between 1822 and 1861?]
=300  \\$a1 online resource
=336  \\$atext$2rdacontent
=337  \\$acomputer$2rdamedia
=338  \\$aonline resources$2rdacarrier
=500  \\$aText printed in two columns.
=500  \\$aIn verse.
=500  \\$aIllustration incorporated within title.
=500  \\$aCaption title.
=500  \\$aImprint from colophon.
=599  \\$aItem no. T28 in volume 11450.f.26.$5Uk
=533  \\$aElectronic Reproduction$bLondon$cBritish Library$d2012$nItem no. T28 in volume 11450.f.26.$5Uk
=650  \0$aRevenge.
=650  \0$aFathers and daughters.
=650  \0$aArranged marriage.
=650  \4$aVenganza.
=650  \4$aPadres e hijas.
=650  \4$aMatrimonio arreglado.
=655  \7$aChapbooks$zSpain.$2rbgenr
=662  \\$aItaly$dSicily$2lcsh-naf
=752  \\$aSpain$dBarcelona.
=856  40$uhttp://cudl.lib.cam.ac.uk/view/PR-11450-F-00026-00028$yCambridge Digital Library
=859  \\$aXLD$bCambridge Digital Library
=CAT  \\$aWR14_159$b00$c20141016$lBLL01$h1655
=CAT  \\$aWR14_181$c20150323$lBLL01$h1403
=CAT  \\$aW1606-1753$c20171028$lBLL01$h1604
=SRC  \\$aBLWrongdoing
=LAS  \\$aW1606-1753$b00$c20171028$lBLL01$h1604

