=LDR  01697 am a2200445 a 4500
=001  016893862
=003  Uk
=005  20130524160300.0
=006  m\\\\||\\d\|\\\\\\
=007  cr\|||||||||||
=008  130524q18151854sp\a\\\\o\\\\\000\0\spa\d
=FMT  \\$a  BK
=040  \\$aUkCU$beng$cUkCU$dUk
=245  00$aDecimas glosadas :$bAmor de boca, ó sea, afectos de una señorita á su amante descubriéndole su pecho y jurándole eterno amor casándose mientras tanto con otro : ba al fin la respuesta del amante.
=246  30$aAmor de boca
=260  \\$aBarcelona :$bImprenta de F. Vallés, calle del Pino (Propiedad),$c[between 1815 and 1854?]
=300  \\$a1 online resource
=336  \\$atext$2rdacontent
=337  \\$acomputer$2rdamedia
=338  \\$aonline resources$2rdacarrier
=500  \\$aText printed in two columns.
=500  \\$aIn verse.
=500  \\$aThree separate illustrations incorporated within title.
=500  \\$aCaption title.
=500  \\$aImprint from colophon.
=599  \\$aItem no. T30 in volume 11450.f.26.$5Uk
=533  \\$aElectronic Reproduction$bLondon$cBritish Library$d2012$nItem no. T30 in volume 11450.f.26.$5Uk
=650  \0$aDeception.
=650  \0$aLove.
=650  \4$aEngaño.
=650  \4$aAmor.
=655  \7$aChapbooks$zSpain.$2rbgenr
=752  \\$aSpain$dBarcelona.
=856  40$uhttp://cudl.lib.cam.ac.uk/view/PR-11450-F-00026-00030$yCambridge Digital Library
=859  \\$aXLD$bCambridge Digital Library
=CAT  \\$aWR14_159$b00$c20141016$lBLL01$h1655
=CAT  \\$aWR14_181$c20150323$lBLL01$h1403
=CAT  \\$aW1606-1753$c20171028$lBLL01$h1604
=SRC  \\$aBLWrongdoing
=LAS  \\$aW1606-1753$b00$c20171028$lBLL01$h1604

