=LDR  01831 am a2200505 a 4500
=001  016893874
=003  Uk
=005  20130524150556.0
=006  m\\\\||\\d\|\\\\\\
=007  cr\|||||||||||
=008  130524q18151854sp\a\\\\o\\\\\000\0\spa\\
=FMT  \\$a  BK
=040  \\$aUkCU$beng$cUkCU$dUk
=245  00$aDesprecio de una dama á su querido :$bseguido de las canciones tituladas Mérito de las mujeres y la Semana amorosa.
=260  \\$aBarcelona :$bImprenta de F. Vallés, calle del Pino, propiedad,$c[between 1815 and 1854?]
=300  \\$a1 online resource
=336  \\$atext$2rdacontent
=337  \\$acomputer$2rdamedia
=338  \\$aonline resources$2rdacarrier
=500  \\$aText printed in two columns.
=500  \\$aIn verse.
=500  \\$aTwo separate illustrations at head of title.
=500  \\$aCaption title.
=500  \\$aImprint from colophon.
=500  \\$a"Méritos de las mujeres": p. [3]
=500  \\$a"Semana amorosa": p. [4]
=599  \\$aItem no. T42 in volume 11450.f.26.$5Uk
=533  \\$aElectronic Reproduction$bLondon$cBritish Library$d2012$nItem no. T42 in volume 11450.f.26.$5Uk
=650  \0$aWomen.
=650  \0$aCourtship.
=650  \0$aSongs, Spanish$vTexts.
=650  \4$aMujeres.
=650  \4$aCortejo amoroso.
=653  \0$aCanciones españolas--Textos.
=655  \7$aChapbooks$zSpain.$2rbgenr.
=740  02$aMérito de las mujeres.
=740  02$aSemana amorosa.
=752  \\$aSpain$dBarcelona.
=856  40$uhttp://cudl.lib.cam.ac.uk/view/PR-11450-F-00026-00042$yCambridge Digital Library
=859  \\$aXLD$bCambridge Digital Library
=CAT  \\$aWR14_159$b00$c20141016$lBLL01$h1655
=CAT  \\$aWR14_181$c20150323$lBLL01$h1403
=CAT  \\$aW1606-1753$c20171028$lBLL01$h1604
=SRC  \\$aBLWrongdoing
=LAS  \\$aW1606-1753$b00$c20171028$lBLL01$h1604

