=LDR  01803 am a2200457 a 4500
=001  016893876
=003  Uk
=005  20130524155300.0
=006  m\\\\||\\d\|\\\\\\
=007  cr\|||||||||||
=008  130524q18151854sp\a\\\\o\\\\\000\0\spa\\
=FMT  \\$a  BK
=040  \\$aUkCU$beng$cUkCU$dUk
=245  00$aEstados de las mujeres :$bCuriosa relacion poetica, en coplas castellanas del verdadero aspecto del mundo, y estados de las mujeres.
=246  30$aCuriosa relacion poetica, en coplas castellanas del verdadero aspecto del mundo
=260  \\$aBarcelona :$bImprenta de F. Vallés, calle del Pino,$c[between 1815 and 1854?]
=300  \\$a1 online resource
=336  \\$atext$2rdacontent
=337  \\$acomputer$2rdamedia
=338  \\$aonline resources$2rdacarrier
=500  \\$aText printed in two columns.
=500  \\$aThree separate illustrations at head of title.
=500  \\$aIn verse.
=500  \\$aCaption title.
=500  \\$aImprint from colophon.
=505  0\$aVida de las doncellas -- Vida de las casadas -- Vida de las viudas -- Conclusion.
=599  \\$aItem no. T44 in volume 11450.f.26.$5Uk
=533  \\$aElectronic Reproduction$bLondon$cBritish Library$d2012$nItem no. T44 in volume 11450.f.26.$5Uk
=650  \0$aWomen.
=650  \4$aMujeres.
=650  \0$aSongs, Spanish$vTexts.
=653  \0$aCanciones españolas--Textos.
=655  \7$aChapbooks$zSpain.$2rbgenr
=752  \\$aSpain$dBarcelona.
=856  40$uhttp://cudl.lib.cam.ac.uk/view/PR-11450-F-00026-00044$yCambridge Digital Library
=859  \\$aXLD$bCambridge Digital Library
=CAT  \\$aWR14_159$b00$c20141016$lBLL01$h1655
=CAT  \\$aWR14_181$c20150323$lBLL01$h1403
=CAT  \\$aW1606-1753$c20171028$lBLL01$h1604
=SRC  \\$aBLWrongdoing
=LAS  \\$aW1606-1753$b00$c20171028$lBLL01$h1604

