=LDR  01553 am a2200433 a 4500
=001  016893879
=003  Uk
=005  20130613141800.0
=006  m\\\\||\\d\|\\\\\\
=007  cr\|||||||||||
=008  130524q18301840sp\a\\\\o\\\\\000\0\spa\d
=FMT  \\$a  BK
=040  \\$aUkCU$beng$cUkCU$dUk
=245  00$aIsabel, ó, Los desterrados á Siberia :$bRomance nuevo é interesante.
=246  30$aDesterrados a Siberia
=260  \\$aEn Barcelona :$bVéndese en la libreria de P. Maimó, calle de Mercaders,$c[between 1830 and 1840]
=300  \\$a1 online resource
=336  \\$atext$2rdacontent
=337  \\$acomputer$2rdamedia
=338  \\$aonline resources$2rdacarrier
=500  \\$aText printed in two columns.
=500  \\$aIn verse.
=500  \\$aIllustration at head of title.
=500  \\$aCaption title.
=500  \\$aImprint from colophon.
=599  \\$aItem no. T47 in volume 11450.f.26.$5Uk
=533  \\$aElectronic Reproduction$bLondon$cBritish Library$d2012$nItem no. T47 in volume 11450.f.26.$5Uk
=650  \0$aExiles.
=650  \4$aExiliados.
=655  \7$aChapbooks$zSpain.$2rbgenr
=662  \\$aRussia$bSiberia$2lcsh-naf
=752  \\$aSpain$dBarcelona.
=856  40$uhttp://cudl.lib.cam.ac.uk/view/PR-11450-F-00026-00047$yCambridge Digital Library
=859  \\$aXLD$bCambridge Digital Library
=CAT  \\$aWR14_159$b00$c20141016$lBLL01$h1655
=CAT  \\$aWR14_181$c20150323$lBLL01$h1403
=CAT  \\$aW1606-1753$c20171028$lBLL01$h1604
=SRC  \\$aBLWrongdoing
=LAS  \\$aW1606-1753$b00$c20171028$lBLL01$h1604

