=LDR  01677 am a2200481 a 4500
=001  016893882
=003  Uk
=005  20130524171032.0
=006  m\\\\||\\d\|\\\\\\
=007  cr\|||||||||||
=008  130524q18201855sp\a\\\\o\\\\\000\0\spa\d
=FMT  \\$a  BK
=040  \\$aUkCU$beng$cUkCU$dUk
=245  00$aEl sepulcro, ó, Lo que puede el amor :$bLeandro y el sepulturero.
=246  30$aLo que puede el amor
=246  30$aLeandro y el sepulturero
=260  \\$aBarcelona :$bPor José Lluch, calle de la Libreteria,$c[between 1820 and 1855?]
=300  \\$a1 online resource
=336  \\$atext$2rdacontent
=337  \\$acomputer$2rdamedia
=338  \\$aonline resources$2rdacarrier
=500  \\$aText printed in two columns.
=500  \\$aIn verse and prose.
=500  \\$aIllustration at head of title.
=500  \\$aCaption title.
=500  \\$aImprint from colophon.
=500  \\$a"El sepulcro: cancion amorosa y tierna": p. [3].
=599  \\$aItem no. T50 in volume 11450.f.26.$5Uk
=533  \\$aElectronic Reproduction$bLondon$cBritish Library$d2012$nItem no. T50 in volume 11450.f.26.$5Uk
=650  \0$aGrief.
=650  \0$aBereavement.
=650  \4$aPena.
=650  \4$aDuelo (Luto)
=655  \7$aChapbooks$zSpain.$2rbgenr
=740  02$aSepulcro.
=752  \\$aSpain$dBarcelona.
=856  40$uhttp://cudl.lib.cam.ac.uk/view/PR-11450-F-00026-00050$yCambridge Digital Library
=859  \\$aXLD$bCambridge Digital Library
=CAT  \\$aWR14_159$b00$c20141016$lBLL01$h1655
=CAT  \\$aWR14_181$c20150323$lBLL01$h1403
=CAT  \\$aW1606-1753$c20171028$lBLL01$h1604
=SRC  \\$aBLWrongdoing
=LAS  \\$aW1606-1753$b00$c20171028$lBLL01$h1604

