=LDR  01779 am a2200445 a 4500
=001  016893883
=003  Uk
=005  20130524171910.0
=006  m\\\\||\\d\|\\\\\\
=007  cr\|||||||||||
=008  130524q18201855sp\a\\\\o\\\\\000\0\spa\d
=FMT  \\$a  BK
=040  \\$aUkCU$beng$cUkCU$dUk
=245  00$aLlanto y consuelo de una niña que abandonada de un mentiroso amante, al acto de entonar sus quejidos y lamentos, se le presentó otro amante fiel que rendido á sus pies le pide el corazon ;$bSigue otra nueva cancion de Florina ó la bella jardinera.
=260  \\$aBarcelona :$bPor José Lluch, calle de la Libreteria,$c[between 1820 and 1855?]
=300  \\$a1 online resource
=336  \\$atext$2rdacontent
=337  \\$acomputer$2rdamedia
=338  \\$aonline resources$2rdacarrier
=500  \\$aText printed in two columns.
=500  \\$aIn verse.
=500  \\$aIllustration at head of title; additional illustration on p. [3].
=500  \\$aCaption title.
=500  \\$aImprint from colophon.
=599  \\$aItem no. T51 in volume 11450.f.26.$5Uk
=533  \\$aElectronic Reproduction$bLondon$cBritish Library$d2012$nItem no. T51 in volume 11450.f.26.$5Uk
=650  \0$aCourtship.
=650  \0$aDeception.
=650  \4$aCortejo amoroso.
=650  \4$aEngaño.
=655  \7$aChapbooks$zSpain.$2rbgenr
=740  02$aFlorina ó la bella jardinera.
=752  \\$aSpain$dBarcelona.
=856  40$uhttp://cudl.lib.cam.ac.uk/view/PR-11450-F-00026-00051$yCambridge Digital Library
=859  \\$aXLD$bCambridge Digital Library
=CAT  \\$aWR14_159$b00$c20141016$lBLL01$h1655
=CAT  \\$aWR14_181$c20150323$lBLL01$h1403
=CAT  \\$aW1606-1753$c20171028$lBLL01$h1604
=SRC  \\$aBLWrongdoing
=LAS  \\$aW1606-1753$b00$c20171028$lBLL01$h1604

