=LDR  02026 am a2200493 a 4500
=001  016893888
=003  Uk
=005  20130531153156.0
=006  m\\\\||\\d\|\\\\\\
=007  cr\|||||||||||
=008  130531q18151854sp\a\\\\o\\\\\000\0\spa\d
=FMT  \\$a  BK
=040  \\$aUkCU$beng$cUkCU$dUk
=043  \\$ae-sp---
=245  00$aPrimera parte :$bCuriosa y nueva relacion en que se refiere la historia de los vandidos que habitaron en los montes de Toledo, ejecutando en ellos notables atrocidades : con todo lo demás que verá el curioso lector.
=246  30$aCuriosa y nueva relacion en que se refiere la historia de los vandidos que habitaron en los montes de Toledo
=260  \\$aBarcelona :$bImprenta de F. Vallés, calle del Pino,$c[between 1815 and 1854?]
=300  \\$a1 online resource
=336  \\$atext$2rdacontent
=337  \\$acomputer$2rdamedia
=338  \\$aonline resources$2rdacarrier
=500  \\$aText printed in two columns.
=500  \\$aIn verse.
=500  \\$aIllustration at head of title.
=500  \\$aCaption title.
=500  \\$aImprint from colophon.
=500  \\$aIn two parts.
=599  \\$aItem no. T56 in volume 11450.f.26.$5Uk
=599  \\$aLibrary copy has pages 3-6 misbound.$5Uk
=533  \\$aElectronic Reproduction$bLondon$cBritish Library$d2012$nItem no. T56 in volume 11450.f.26.$nLibrary copy has pages 3-6 misbound.$5Uk
=650  \0$aBrigands and robbers$zSpain$zToledo.
=650  \0$aViolent crimes.
=650  \4$aBandoleros$zEspaña$zToledo.
=650  \4$aDelitos violentos.
=655  \7$aChapbooks$zSpain.$2rbgenr
=662  \\$aSpain$dToledo$2lcsh-naf
=752  \\$aSpain$dBarcelona.
=856  40$uhttp://cudl.lib.cam.ac.uk/view/PR-11450-F-00026-00056$yCambridge Digital Library
=859  \\$aXLD$bCambridge Digital Library
=CAT  \\$aWR14_159$b00$c20141016$lBLL01$h1655
=CAT  \\$aWR14_181$c20150323$lBLL01$h1403
=CAT  \\$aW1606-1753$c20171028$lBLL01$h1604
=SRC  \\$aBLWrongdoing
=LAS  \\$aW1606-1753$b00$c20171028$lBLL01$h1604

