=LDR  01744 am a2200433 a 4500
=001  016893891
=003  Uk
=005  20150225123221.0
=006  m\\\\||\\d\|\\\\\\
=007  cr\|||||||||||
=008  130531s1846\\\\sp\a\\\\o\\\\\000\0\spa\d
=FMT  \\$a  BK
=040  \\$aUkCU$beng$cUkCU$dUk
=245  00$aEstragos del vino :$bNueva historia en que se refiere el estremo de pobreza á que llegó un feliz matrimonio, y la desesperacion y suicidio que sufrieron despues am[b]os consortes, nacido todo de la funesta pasion de la embriaguez.
=246  30$aNueva historia en que se refiere el estremo de pobreza á que llegó un feliz matrimonio
=260  \\$aBarcelona :$bImprenta de Estivill,$c1846.
=300  \\$a1 online resource
=336  \\$atext$2rdacontent
=337  \\$acomputer$2rdamedia
=338  \\$aonline resources$2rdacarrier
=500  \\$aText printed in two columns.
=500  \\$aIn verse.
=500  \\$aIllustration incorporated within title.
=500  \\$aCaption title.
=500  \\$aImprint from colophon.
=599  \\$aItem no. T59 in volume 11450.f.26.$5Uk
=533  \\$aElectronic Reproduction$bLondon$cBritish Library$d2012$nItem no. T59 in volume 11450.f.26.$5Uk
=650  \4$aDrunkenness.
=650  \4$aEmbriaguez.
=655  \7$aChapbooks$zSpain.$2rbgenr
=752  \\$aSpain$dBarcelona.
=856  40$uhttp://cudl.lib.cam.ac.uk/view/PR-11450-F-00026-00059$yCambridge Digital Library
=859  \\$aXLD$bCambridge Digital Library
=CAT  \\$aWR14_159$b00$c20141016$lBLL01$h1655
=CAT  \\$a2833$b40$c20150225$lBLL01$h1232
=CAT  \\$aWR14_181$c20150323$lBLL01$h1403
=CAT  \\$aW1606-1753$c20171028$lBLL01$h1604
=SRC  \\$aBLWrongdoing
=LAS  \\$aW1606-1753$b00$c20171028$lBLL01$h1604

