=LDR  02330 am a2200493 a 4500
=001  016893892
=003  Uk
=005  20130531162154.0
=006  m\\\\||\\d\|\\\\\\
=007  cr\|||||||||||
=008  130531q18201855sp\a\\\\o\\\\\000\0\spa\d
=FMT  \\$a  BK
=040  \\$aUkCU$beng$cUkCU$dUk
=245  00$aTributo de honor del pueblo español [a] S. M. la Reina Doña Isabel II de Borbon Q. D. G. [en] celebridad de su feliz enlace con D. Francisco de Asis Maria de Borbon.
=260  \\$aBarcelona :$bVéndese en la libreria de José Lluch, calle de la Libreteria,$c[between 1820 and 1855?]
=300  \\$a1 online resource
=336  \\$atext$2rdacontent
=337  \\$acomputer$2rdamedia
=338  \\$aonline resources$2rdacarrier
=500  \\$aText printed in two columns.
=500  \\$aIn verse.
=500  \\$aIllustration at head of title.
=500  \\$aCaption title.
=500  \\$aImprint from colophon.
=500  \\$a"Himno á SS. MM. Doña Isabel II de Borbon y D. Francisco de Asis Maria de Borbon en celebridad de sus feliz enlace": p. [3-4].
=599  \\$aItem no. T60 in volume 11450.f.26.$5Uk
=533  \\$aElectronic Reproduction$bLondon$cBritish Library$d2012$nItem no. T60 in volume 11450.f.26.$5Uk
=600  00$aIsabella$bII,$cQueen of Spain,$d1830-1904$xMarriage.
=600  00$aFrancisco de Asís María Fernando,$cKing, consort of Isabel II, Queen of Spain,$d1822-1902$xMarriage.
=600  04$aIsabel$bII,$cReina de España,$d1830-1904$xMatrimonio.
=600  04$aFrancisco de Asís María Fernando,$cRey, consorte de Isabel II, Reina de España,$d1822-1902$xMatrimonio.
=650  \0$aSongs, Spanish$vTexts.
=653  \0$aCanciones españolas--Textos.
=655  \7$aChapbooks$zSpain.$2rbgenr
=740  02$aHimno á SS. MM. Doña Isabel II de Borbon y D. Francisco de Asis Maria de Borbon en celebridad de sus feliz enlace.
=752  \\$aSpain$dBarcelona.
=856  40$uhttp://cudl.lib.cam.ac.uk/view/PR-11450-F-00026-00060$yCambridge Digital Library
=859  \\$aXLD$bCambridge Digital Library
=CAT  \\$aWR14_159$b00$c20141016$lBLL01$h1655
=CAT  \\$aBATCH-UPD$b00$c20141016$lBLL01$h1715
=CAT  \\$aWR14_181$c20150323$lBLL01$h1403
=CAT  \\$aW1606-1753$c20171028$lBLL01$h1604
=SRC  \\$aBLWrongdoing
=LAS  \\$aW1606-1753$b00$c20171028$lBLL01$h1604

