=LDR  02015 am a2200457 a 4500
=001  016893894
=003  Uk
=005  20140602101503.0
=006  m\\\\||\\d\|\\\\\\
=007  cr\|||||||||||
=008  130531s1847\\\\sp\a\\\\o\\\\\000\0\spa\d
=FMT  \\$a  BK
=040  \\$aUkCU$beng$cUkCU$dUk
=043  \\$ae-sp---
=245  00$aMemorandum cuadragenario hispano metrico, o sea, Memoria en verso de los mas principales acontecimientos en los últimos cuarenta años que sufrimos la revolución española :$bconsta de 1550 versos, distribuidos en 36 la introducción y cada año, y completándose en la conclusion los que faltan para dicha suma.
=246  30$aMemoria en verso de los mas principales acontecimientos en los últimos cuarenta años
=260  \\$aBarcelona :$bImprenta de Ignacio Estivill, calle de la Boria,$c1847.
=300  \\$a1 online resource
=336  \\$atext$2rdacontent
=337  \\$acomputer$2rdamedia
=338  \\$aonline resources$2rdacarrier
=500  \\$aText printed in two columns.
=500  \\$aChiefly in verse, with some prose.
=500  \\$aIllustration at head of title.
=500  \\$aCaption title.
=599  \\$aItem no. T62 in volume 11450.f.26.$5Uk
=533  \\$aElectronic Reproduction$bLondon$cBritish Library$d2012$nItem no. T62 in volume 11450.f.26.$5Uk
=650  \0$aSpain$xHistory$y19th century.
=650  \4$aEspaña$xHistoria$ySiglo 19.
=655  \7$aChapbooks$zSpain.$2rbgenr
=662  \\$aSpain$2lcsh-naf
=700  1\$aEstivill, Ignacio,$dactive 1816-1852$cactive 1816-1852,$eprinter.$5Uk
=752  \\$aSpain$dBarcelona.
=856  40$uhttp://cudl.lib.cam.ac.uk/view/PR-11450-F-00026-00062$yCambridge Digital Library
=859  \\$aXLD$bCambridge Digital Library
=CAT  \\$aWR14_159$b00$c20141016$lBLL01$h1655
=CAT  \\$aBATCH-UPD$b00$c20141016$lBLL01$h1708
=CAT  \\$aWR14_181$c20150323$lBLL01$h1403
=CAT  \\$aW1606-1753$c20171028$lBLL01$h1604
=SRC  \\$aBLWrongdoing
=LAS  \\$aW1606-1753$b00$c20171028$lBLL01$h1604

