=LDR  02086 am a2200517 a 4500
=001  016893895
=003  Uk
=005  20150225123346.0
=006  m\\\\||\\d\|\\\\\\
=007  cr\|||||||||||
=008  130531s1848\\\\sp\a\\\\o\\\\\000\0\spa\\
=FMT  \\$a  BK
=040  \\$aUkCU$beng$cUkCU$dUk
=245  03$aEl Conde de Monte-Cristo :$bRomance nuevo en que se refiere la tan estraña historia del joven Edmundo Dantés, víctima de una horrenda traicion, sus enormes padeceres y el como se vengó de sus injustos tiranos.
=246  30$aRomance nuevo en que se refiere la tan estraña historia del joven Edmundo Dantés
=260  \\$aBarcelona :$bImprenta de Ignacio Estivill, calle de la Boria,$c1848.
=300  \\$a1 online resource
=336  \\$atext$2rdacontent
=337  \\$acomputer$2rdamedia
=338  \\$aonline resources$2rdacarrier
=500  \\$aText printed in two columns.
=500  \\$aIn verse.
=500  \\$aIllustration incorporated within title.
=500  \\$aCaption title.
=500  \\$aImprint from colophon.
=599  \\$aItem no. T63 in volume 11450.f.26.$5Uk
=533  \\$aElectronic Reproduction$bLondon$cBritish Library$d2012$nItem no. T63 in volume 11450.f.26.$5Uk
=650  \0$aTreason.
=650  \0$aJealousy.
=650  \4$aEdmundo Dantés (Fictitious character)
=650  \4$aTraición.
=650  \4$aCelos.
=653  \1$aEdmundo Dantés (Personaje ficticio)
=655  \7$aChapbooks$zSpain.$2rbgenr
=662  \\$aFrance$dMarseille$2lcsh-naf
=700  1\$aEstivill, Ignacio,$dactive 1816-1852$cactive 1816-1852,$eprinter.$5Uk
=752  \\$aSpain$dBarcelona.
=856  40$uhttp://cudl.lib.cam.ac.uk/view/PR-11450-F-00026-00063$yCambridge Digital Library
=859  \\$aXLD$bCambridge Digital Library
=CAT  \\$aWR14_159$b00$c20141016$lBLL01$h1655
=CAT  \\$aBATCH-UPD$b00$c20141016$lBLL01$h1708
=CAT  \\$a2833$b40$c20150225$lBLL01$h1233
=CAT  \\$aWR14_181$c20150323$lBLL01$h1403
=CAT  \\$aW1606-1753$c20171028$lBLL01$h1604
=SRC  \\$aBLWrongdoing
=LAS  \\$aW1606-1753$b00$c20171028$lBLL01$h1604

