=LDR  01674 am a2200445 a 4500
=001  016893896
=003  Uk
=005  20130531172804.0
=006  m\\\\||\\d\|\\\\\\
=007  cr\|||||||||||
=008  130531s1848\\\\sp\a\\\\o\\\\\000\0\cat\d
=FMT  \\$a  BK
=040  \\$aUkCU$beng$cUkCU$dUk
=245  03$aLa pastora y el estudiant :$bCanso nova xistosa y de esperiensia del infelis resultad que tingué una inocenta pastora per la mala seducció de un estudiant.
=246  30$aCanso nova xistosa y de esperiensia del infelis resultad que tingué una inocenta pastora
=260  \\$aBarcelona :$bImp. de Estivill,$c1848.
=300  \\$a1 online resource
=336  \\$atext$2rdacontent
=337  \\$acomputer$2rdamedia
=338  \\$aonline resources$2rdacarrier
=500  \\$aText printed in two columns.
=500  \\$aIn verse.
=500  \\$aIllustration incorporated within title.
=500  \\$aCaption title.
=500  \\$aImprint from colophon.
=599  \\$aItem no. T64 in volume 11450.f.26.$5Uk
=533  \\$aElectronic Reproduction$bLondon$cBritish Library$d2012$nItem no. T64 in volume 11450.f.26.$5Uk
=650  \0$aStudents.
=650  \0$aWomen shepherds.
=650  \4$aEstudiantes.
=650  \4$aPastoras.
=655  \7$aChapbooks$zSpain.$2rbgenr
=752  \\$aSpain$dBarcelona.
=856  40$uhttp://cudl.lib.cam.ac.uk/view/PR-11450-F-00026-00064$yCambridge Digital Library
=859  \\$aXLD$bCambridge Digital Library
=CAT  \\$aWR14_159$b00$c20141016$lBLL01$h1655
=CAT  \\$aWR14_181$c20150323$lBLL01$h1403
=CAT  \\$aW1606-1753$c20171028$lBLL01$h1604
=SRC  \\$aBLWrongdoing
=LAS  \\$aW1606-1753$b00$c20171028$lBLL01$h1604

