=LDR  01700 am a2200445 a 4500
=001  016893897
=003  Uk
=005  20140602103057.0
=006  m\\\\||\\d\|\\\\\\
=007  cr\|||||||||||
=008  130612q18161852sp\a\\\\o\\\\\000\0\cat\d
=FMT  \\$a  BK
=040  \\$aUkCU$beng$cUkCU$dUk
=245  00$aNotisia de algunas maravellas y recreos de Barcelona, ó guia y avis per aquellas personas que ab prou diners no saben divertirse en ella..
=260  \\$aBarcelona :$bImprenta de Ignacio Estivill,$c[between 1816 and 1852]
=300  \\$a1 online resource
=336  \\$atext$2rdacontent
=337  \\$acomputer$2rdamedia
=338  \\$aonline resources$2rdacarrier
=500  \\$aText printed in two columns.
=500  \\$aIn verse.
=500  \\$aThree separate illustrations at head of title.
=500  \\$aCaption title.
=500  \\$aImprint from colophon.
=599  \\$aItem no. T65 in volume 11450.f.26.$5Uk
=533  \\$aElectronic Reproduction$bLondon$cBritish Library$d2012$nItem no. T65 in volume 11450.f.26.$5Uk
=650  \0$aMoney.
=650  \4$aDinero.
=655  \7$aChapbooks$zSpain.$2rbgenr
=662  \\$aSpain$dBarcelona$2lcsh-naf
=700  1\$aEstivill, Ignacio,$dactive 1816-1852$cactive 1816-1852,$eprinter.$5Uk
=752  \\$aSpain$dBarcelona.
=856  40$uhttp://cudl.lib.cam.ac.uk/view/PR-11450-F-00026-00065$yCambridge Digital Library
=859  \\$aXLD$bCambridge Digital Library
=CAT  \\$aWR14_159$b00$c20141016$lBLL01$h1655
=CAT  \\$aBATCH-UPD$b00$c20141016$lBLL01$h1708
=CAT  \\$aWR14_181$c20150323$lBLL01$h1403
=CAT  \\$aW1606-1753$c20171028$lBLL01$h1604
=SRC  \\$aBLWrongdoing
=LAS  \\$aW1606-1753$b00$c20171028$lBLL01$h1604

