=LDR  02411 am a2200529 a 4500
=001  016893898
=003  Uk
=005  20140602102746.0
=006  m\\\\||\\d\|\\\\\\
=007  cr\|||||||||||
=008  130612q18161852sp\a\\\\o\\\\\000\0\spa\d
=FMT  \\$a  BK
=040  \\$aUkCU$beng$cUkCU$dUk
=245  00$aCambio de calzones por alforjas :$bNuevo discreto y curioso romance del paso que le sucedió en el dia dos de enero de 1793, á un carbonero á quien dieron un par de calzones, pensándole dar sus propias alforjas, y como una vieja con sus industrias raras engañó de tal manera al carbonero, que aun la dió la mitad del dinero que sacó del carbon : con lo demas que verá el curioso lector.
=246  30$aNuevo discreto y curioso romance del paso que le sucedió en el dia dos de enero de 1793
=260  \\$aBarcelona :$bImprenta de Ignacio Estivill,$c[between 1816 and 1852]
=300  \\$a1 online resource
=336  \\$atext$2rdacontent
=337  \\$acomputer$2rdamedia
=338  \\$aonline resources$2rdacarrier
=500  \\$aText printed in two columns.
=500  \\$aIn verse.
=500  \\$aIllustration incorporated within title.
=500  \\$aCaption title.
=500  \\$aImprint from colophon.
=500  \\$a"Decimas: El caminante y el naufragante; Soneto de D. Diego de Torres ponderando la constancia de un amor."
=599  \\$aItem no. T66 in volume 11450.f.26.$5Uk
=533  \\$aElectronic Reproduction$bLondon$cBritish Library$d2012$nItem no. T66 in volume 11450.f.26.$5Uk
=650  \0$aAdultery.
=650  \0$aMan-woman relationships.
=650  \4$aAdulterio.
=650  \4$aRelaciones hombre-mujer.
=650  \4$aAncianas.
=650  \4$aCarboneros.
=655  \7$aChapbooks$zSpain.$2rbgenr
=700  1\$aEstivill, Ignacio,$dactive 1816-1852$cactive 1816-1852,$eprinter.$5Uk
=740  02$aCaminante y el naufragante.
=740  02$aSoneto de D. Diego de Torres ponderando la constancia de un amor.
=752  \\$aSpain$dBarcelona.
=856  40$uhttp://cudl.lib.cam.ac.uk/view/PR-11450-F-00026-00066$yCambridge Digital Library
=859  \\$aXLD$bCambridge Digital Library
=CAT  \\$aWR14_159$b00$c20141016$lBLL01$h1655
=CAT  \\$aBATCH-UPD$b00$c20141016$lBLL01$h1708
=CAT  \\$aWR14_181$c20150323$lBLL01$h1403
=CAT  \\$aW1606-1753$c20171028$lBLL01$h1604
=SRC  \\$aBLWrongdoing
=LAS  \\$aW1606-1753$b00$c20171028$lBLL01$h1604

