=LDR  01878 am a2200457 a 4500
=001  016893910
=003  Uk
=005  20130612170715.0
=006  m\\\\||\\d\|\\\\\\
=007  cr\|||||||||||
=008  130612q18221861sp\a\\\\o\\\\\000\0\spa\d
=FMT  \\$a  BK
=040  \\$aUkCU$beng$cUkCU$dUk
=245  00$aNueva relacion y curioso romance de la mas prodigiosa historia que han oido los mortales en que se declara la feliz fortuna que tuvo el hijo de un cortante de la ciudad de Cadiz, llevándosele un mercader á las Indias :$bDase cuenta como volvió á España por permision del Cielo, y se casó con la hija de un mercader, causante de su desgracia y dicha : primera parte.
=260  \\$aBarcelona :$bImprenta de I. Estivill,$c[between 1822 and 1861?]
=300  \\$a1 online resource
=336  \\$atext$2rdacontent
=337  \\$acomputer$2rdamedia
=338  \\$aonline resources$2rdacarrier
=500  \\$aText printed in two columns.
=500  \\$aIn verse.
=500  \\$aTwo separate illustrations at head of title.
=500  \\$aCaption title.
=500  \\$aImprint from colophon.
=500  \\$aIn two parts.
=599  \\$aItem no. T1 in volume 11450.f.27.$5Uk
=533  \\$aElectronic Reproduction$bLondon$cBritish Library$d2012$nItem no. T1 in volume 11450.f.27.$5Uk
=650  \0$aRevenge.
=650  \4$aVenganza.
=650  \4$aComerciantes.
=650  \4$aEsclavos.
=662  \\$aSpain$dCádiz$2lcsh-naf
=655  \7$aChapbooks$zSpain.$2rbgenr
=752  \\$aSpain$dBarcelona.
=856  40$uhttp://cudl.lib.cam.ac.uk/view/PR-11450-F-00027-00001$yCambridge Digital Library
=859  \\$aXLD$bCambridge Digital Library
=CAT  \\$aWR14_159$b00$c20141016$lBLL01$h1655
=CAT  \\$aWR14_181$c20150323$lBLL01$h1403
=CAT  \\$aW1606-1753$c20171028$lBLL01$h1604
=SRC  \\$aBLWrongdoing
=LAS  \\$aW1606-1753$b00$c20171028$lBLL01$h1604

