=LDR  02124 am a2200481 a 4500
=001  016893912
=003  Uk
=005  20130612171902.0
=006  m\\\\||\\d\|\\\\\\
=007  cr\|||||||||||
=008  130612q18221861sp\a\\\\o\\\\\000\0\spa\d
=FMT  \\$a  BK
=040  \\$aUkCU$beng$cUkCU$dUk
=245  00$aCarta discreta y amorosa, dispuesta en quintillas, de un galan á su dama, que viéndola enojada y desviada de su cariño, la procura atraer de nuevo á su amor, disculpándose de las causas que tuvo para enojarse.
=260  \\$aBarcelona :$bImprenta de I. Estivill,$c[between 1822 and 1861?]
=300  \\$a1 online resource
=336  \\$atext$2rdacontent
=337  \\$acomputer$2rdamedia
=338  \\$aonline resources$2rdacarrier
=500  \\$aText printed in two columns.
=500  \\$aIn verse.
=500  \\$aTwo separate illustrations at head of title.
=500  \\$aCaption title.
=500  \\$aImprint from colophon.
=500  \\$a"Romance de la advertencia": p. 7.
=500  \\$a"Respuesta discreta a la amorosa carta del galan, manifestándole la dama su esquivez y desamor, quejándose airada de su infiel trato, y diciéndole que la olvide para siempre, porque ella detesta su amor : con el demas que verá el curioso lector": p. [4-7].
=599  \\$aItem no. T3 in volume 11450.f.27.$5Uk
=533  \\$aElectronic Reproduction$bLondon$cBritish Library$d2012$nItem no. T3 in volume 11450.f.27.$5Uk
=650  \0$aMan-woman relationships.
=650  \0$aCourtship.
=650  \4$aRelaciones hombre-mujer.
=650  \4$aCortejo amoroso.
=655  \7$aChapbooks$zSpain.$2rbgenr
=740  02$aRomance de la advertencia.
=740  02$aRespuesta discreta a la amorosa carta del galan.
=752  \\$aSpain$dBarcelona.
=856  40$uhttp://cudl.lib.cam.ac.uk/view/PR-11450-F-00027-00003$yCambridge Digital Library
=859  \\$aXLD$bCambridge Digital Library
=CAT  \\$aWR14_159$b00$c20141016$lBLL01$h1655
=CAT  \\$aWR14_181$c20150323$lBLL01$h1403
=CAT  \\$aW1606-1753$c20171028$lBLL01$h1604
=SRC  \\$aBLWrongdoing
=LAS  \\$aW1606-1753$b00$c20171028$lBLL01$h1604

