=LDR  02202 am a2200541 a 4500
=001  016893918
=003  Uk
=005  20150225123508.0
=006  m\\\\||\\d\|\\\\\\
=007  cr\|||||||||||
=008  130613q18161852sp\a\\\\o\\\\\000\0\spa\d
=FMT  \\$a  BK
=040  \\$aUkCU$beng$cUkCU$dUk
=245  00$aLabrador de Lucena :$bNuevo romance de los asesinos del labrador de Lucena que fueron un caballero que tenia trato ilícito con la muger de aquel, y valido de su criado, que era hermano de la misma muger que él quería, le dieron muerte, y le despedazaron, enterrándole á trozos en un caño ó sumidero.
=246  30$aNuevo romance de los asesinos del labrador de Lucena
=260  \\$aBarcelona :$bImprenta de Ignacio Estivill,$c[between 1816 and 1852]
=300  \\$a1 online resource
=336  \\$atext$2rdacontent
=337  \\$acomputer$2rdamedia
=338  \\$aonline resources$2rdacarrier
=500  \\$aText printed in two columns.
=500  \\$aIn verse.
=500  \\$aIllustration incorporated within title.
=500  \\$aCaption title.
=500  \\$aImprint from colophon.
=599  \\$aItem no. T9 in volume 11450.f.27.$5Uk
=533  \\$aElectronic Reproduction$bLondon$cBritish Library$d2012$nItem no. T9 in volume 11450.f.27.$5Uk
=650  \0$aAtrocities.
=650  \0$aAssassination.
=650  \0$aCrimes of passion.
=650  \0$aAgricultural laborers.
=650  \4$aAtrocidades.
=650  \4$aAsesinato.
=650  \4$aCrímenes de pasión.
=650  \4$aTrabajadores agrícolas.
=655  \7$aChapbooks$zSpain.$2rbgenr
=662  \\$aSpain$dLucena$2lcsh-naf
=700  1\$aEstivill, Ignacio,$dactive 1816-1852$cactive 1816-1852,$eprinter.$5Uk
=752  \\$aSpain$dBarcelona.
=856  40$uhttp://cudl.lib.cam.ac.uk/view/PR-11450-F-00027-00009$yCambridge Digital Library
=859  \\$aXLD$bCambridge Digital Library
=CAT  \\$aWR14_159$b00$c20141016$lBLL01$h1655
=CAT  \\$aBATCH-UPD$b00$c20141016$lBLL01$h1708
=CAT  \\$a2833$b40$c20150225$lBLL01$h1235
=CAT  \\$aWR14_181$c20150323$lBLL01$h1403
=CAT  \\$aW1606-1753$c20171028$lBLL01$h1604
=SRC  \\$aBLWrongdoing
=LAS  \\$aW1606-1753$b00$c20171028$lBLL01$h1604

