=LDR  02203 am a2200541 a 4500
=001  016893920
=003  Uk
=005  20130613151234.0
=006  m\\\\||\\d\|\\\\\\
=007  cr\|||||||||||
=008  130613q18221861sp\a\\\\o\\\\\000\0\spa\d
=FMT  \\$a  BK
=040  \\$aUkCU$beng$cUkCU$dUk
=245  00$aLorenzo Malmierca :$bNuevo y curioso romance para que sepan hombres, niños y mugeres el horroroso caso ejecutado en el pueblo de Monterrubio de la Sierra el dia 2 de setiembre de 1841 por Lorenzo Malmierca, castigado â pena de la vida el dia 14 de noviembre del año 42.
=246  30$aNuevo y curioso romance para que sepan hombres, niños y mugeres el horroroso caso ejecutado en el pueblo de Monterrubio de la Sierra
=260  \\$aBarcelona :$bImprenta de I. Estivill,$c[between 1822 and 1861?]
=300  \\$a1 online resource
=336  \\$atext$2rdacontent
=337  \\$acomputer$2rdamedia
=338  \\$aonline resources$2rdacarrier
=500  \\$aText printed in two columns.
=500  \\$aIn verse.
=500  \\$aTwo separate illustrations at head of title.
=500  \\$aCaption title.
=500  \\$aImprint from colophon.
=500  \\$aIn two parts.
=599  \\$aItem no. T11 in volume 11450.f.27.$5Uk
=533  \\$aElectronic Reproduction$bLondon$cBritish Library$d2012$nItem no. T11 in volume 11450.f.27.$5Uk
=650  \0$aLorenzo Malmierca (Fictitious character)
=650  \0$aInfanticide.
=650  \0$aViolent crimes.
=650  \0$aSin$xChristianity.
=650  \0$aCapital punishment.
=650  \4$aInfanticidio.
=650  \4$aDelitos violentos.
=650  \4$aPecado$xCristianismo.
=650  \4$aPena de muerte.
=653  \1$aLorenzo Malmierca (Personaje ficticio)
=655  \7$aChapbooks$zSpain.$2rbgenr
=662  \\$aSpain$dSalamanca$2lcsh-naf
=752  \\$aSpain$dBarcelona.
=856  40$uhttp://cudl.lib.cam.ac.uk/view/PR-11450-F-00027-00011$yCambridge Digital Library
=859  \\$aXLD$bCambridge Digital Library
=CAT  \\$aWR14_159$b00$c20141016$lBLL01$h1655
=CAT  \\$aWR14_181$c20150323$lBLL01$h1403
=CAT  \\$aW1606-1753$c20171028$lBLL01$h1604
=SRC  \\$aBLWrongdoing
=LAS  \\$aW1606-1753$b00$c20171028$lBLL01$h1604

