=LDR  01890 am a2200469 a 4500
=001  016893924
=003  Uk
=005  20140602103026.0
=006  m\\\\||\\d\|\\\\\\
=007  cr\|||||||||||
=008  130613q18161852sp\a\\\\o\\\\\000\0\spa\d
=FMT  \\$a  BK
=040  \\$aUkCU$beng$cUkCU$dUk
=245  00$aNueva y curiosa relacion en que se dá cuenta y declara lo que sucedió en una infeliz doncella en 6 de diciembre del presente año, como se vió perseguida de los enemigos y librada por la Virgen del Cármen y del santo Angel de la Guarda.
=260  \\$aBarcelona :$bImprenta de Ignacio Estivill,$c[between 1816 and 1852]
=300  \\$a1 online resource
=336  \\$atext$2rdacontent
=337  \\$acomputer$2rdamedia
=338  \\$aonline resources$2rdacarrier
=500  \\$aText printed in three columns.
=500  \\$aIn verse.
=500  \\$aIllustration at head of title.
=500  \\$aCaption title.
=500  \\$aImprint from colophon.
=599  \\$aItem no. T14 in volume 11450.f.27.$5Uk
=533  \\$aElectronic Reproduction$bLondon$cBritish Library$d2012$nItem no. T14 in volume 11450.f.27.$5Uk
=650  \0$aChristian literature, Spanish.
=650  \0$aDevil.
=650  \4$aLiteratura religiosa española.
=650  \4$aDemonio.
=655  \7$aChapbooks$zSpain.$2rbgenr
=662  \\$aSpain$bExtremadura$2lcsh-naf
=700  1\$aEstivill, Ignacio,$dactive 1816-1852$cactive 1816-1852,$eprinter.$5Uk
=752  \\$aSpain$dBarcelona.
=856  40$uhttp://cudl.lib.cam.ac.uk/view/PR-11450-F-00027-00014$yCambridge Digital Library
=859  \\$aXLD$bCambridge Digital Library
=CAT  \\$aWR14_159$b00$c20141016$lBLL01$h1655
=CAT  \\$aBATCH-UPD$b00$c20141016$lBLL01$h1708
=CAT  \\$aWR14_181$c20150323$lBLL01$h1403
=CAT  \\$aW1606-1753$c20171028$lBLL01$h1604
=SRC  \\$aBLWrongdoing
=LAS  \\$aW1606-1753$b00$c20171028$lBLL01$h1604

