=LDR  02040 am a2200493 a 4500
=001  016893925
=003  Uk
=005  20140602101350.0
=006  m\\\\||\\d\|\\\\\\
=007  cr\|||||||||||
=008  130613s1850\\\\sp\a\\\\o\\\\\000\0\spa\d
=FMT  \\$a  BK
=040  \\$aUkCU$beng$cUkCU$dUk
=245  00$aNueva relacion en la que se da cuenta y declara el riguroso castigo que ha ejecutado la divina Majestad con un jóven de 23 años, por haberle dado cruelmente puñaladas á su madre :$ble echó una maldicion y le alcanzó viéndose libre por intercesion de Maria Santísima de los Desamparados : con lo demas que vera el curioso lector.
=260  \\$aBarcelona :$bImprenta de Ignacio Estivill, calle de la Boria,$c1850.
=300  \\$a1 online resource
=336  \\$atext$2rdacontent
=337  \\$acomputer$2rdamedia
=338  \\$aonline resources$2rdacarrier
=500  \\$aText printed in two columns.
=500  \\$aIn verse.
=500  \\$aIllustration at head of title.
=500  \\$aCaption title.
=500  \\$aImprint from colophon.
=599  \\$aItem no. T15 in volume 11450.f.27.$5Uk
=533  \\$aElectronic Reproduction$bLondon$cBritish Library$d2012$nItem no. T15 in volume 11450.f.27.$5Uk
=650  \0$aViolent crimes.
=650  \0$aMothers and sons.
=650  \0$aJudgment of God.
=650  \0$aChristianity and justice.
=650  \4$aDelitos violentos.
=650  \4$aMadres e hijos.
=653  \0$aJusticia divina.
=655  \7$aChapbooks$zSpain.$2rbgenr
=700  1\$aEstivill, Ignacio,$dactive 1816-1852$cactive 1816-1852,$eprinter.$5Uk
=752  \\$aSpain$dBarcelona.
=856  40$uhttp://cudl.lib.cam.ac.uk/view/PR-11450-F-00027-00015$yCambridge Digital Library
=859  \\$aXLD$bCambridge Digital Library
=CAT  \\$aWR14_159$b00$c20141016$lBLL01$h1655
=CAT  \\$aBATCH-UPD$b00$c20141016$lBLL01$h1708
=CAT  \\$aWR14_181$c20150323$lBLL01$h1403
=CAT  \\$aW1606-1753$c20171028$lBLL01$h1604
=SRC  \\$aBLWrongdoing
=LAS  \\$aW1606-1753$b00$c20171028$lBLL01$h1604

