=LDR  02694 am a2200553 a 4500
=001  016893927
=003  Uk
=005  20130613161447.0
=006  m\\\\||\\d\|\\\\\\
=007  cr\|||||||||||
=008  130613q18151854sp\a\\\\o\\\\\000\0\spa\\
=FMT  \\$a  BK
=040  \\$aUkCU$beng$cUkCU$dUk
=245  00$aPrimera parte :$bDe los amorosos lances y particulares sucesos que acaecieron á una hermosa dama llamada Rosaura, y á su amante Don Antonio Narvaez, natural de Córdova : Dáse cuenta del modo con que descubrió á la dama en Sierra Morena, que la guardaba un osso [sic], y como dicho caballero lo matò : con todo lo demás que verá el curioso lector : Rosaura de Cordova.
=246  30$aDe los amorosos lances y particulares sucesos que acaecieron á una hermosa dama llamada Rosaura, y á su amante Don Antonio Narvaez
=246  30$aRosaura de Cordova
=260  \\$aBarcelona :$bImprenta de Francisco Vallés, calle del Pino,$c[between 1815 and 1854?]
=300  \\$a1 online resource
=336  \\$atext$2rdacontent
=337  \\$acomputer$2rdamedia
=338  \\$aonline resources$2rdacarrier
=500  \\$aText printed in two columns.
=500  \\$aIn verse.
=500  \\$aThree separate illustrations at head of title.
=500  \\$aCaption title.
=500  \\$aImprint from colophon.
=500  \\$aIn two parts. Part two has title: Segunda parte en que se prosiguen los sucesos de Rosaura y Don Antonio Narvaez : dáse cuenta de varios lances y como se la trajo á Cordova, donde se desposaron, y lo demás que verá el curioso lector."
=599  \\$aItem no. T17 in volume 11450.f.27.$5Uk
=533  \\$aElectronic Reproduction$bLondon$cBritish Library$d2012$nItem no. T17 in volume 11450.f.27.$5Uk
=650  \4$aRosaura (Fictitious character)
=650  \4$aAntonio Narváez (Fictitious character)
=650  \4$aOsos.
=653  \0$aDesacuerdo familiar.
=653  \0$aInfamia.
=653  \1$aRosaura (Personaje ficticio)
=653  \1$aAntonio Narváez (Personaje ficticio)
=655  \7$aChapbooks$zSpain.$2rbgenr
=662  \\$aSpain$gSierra Morena$2lcsh-naf
=662  \\$aSpain$dMadrid$2lcsh-naf
=662  \\$aSpain$dCórdoba$2lcsh-naf
=740  02$aSegunda parte en que se prosiguen los sucesos de Rosaura y Don Antonio Narvaez.
=752  \\$aSpain$dBarcelona.
=856  40$uhttp://cudl.lib.cam.ac.uk/view/PR-11450-F-00027-00017$yCambridge Digital Library
=859  \\$aXLD$bCambridge Digital Library
=CAT  \\$aWR14_159$b00$c20141016$lBLL01$h1655
=CAT  \\$aWR14_181$c20150323$lBLL01$h1403
=CAT  \\$aW1606-1753$c20171028$lBLL01$h1604
=SRC  \\$aBLWrongdoing
=LAS  \\$aW1606-1753$b00$c20171028$lBLL01$h1604

