=LDR  01989 am a2200469 a 4500
=001  016893928
=003  Uk
=005  20140602101438.0
=006  m\\\\||\\d\|\\\\\\
=007  cr\|||||||||||
=008  130613q18161852sp\a\\\\o\\\\\000\0\spa\d
=FMT  \\$a  BK
=040  \\$aUkCU$beng$cUkCU$dUk
=245  03$aEl niño sabio :$bRomance mistico en el que un niño de seis años esplica la fealdad del pecado mortal y sus consecuencias : con algunos pasages de la Sagrada Escritura y consigue que veinte y cinco vandidos se vuelvan á Dios y hagan penitencia de sus culpas.
=246  30$aRomance mistico en el que un niño de seis años esplica la fealdad del pecado mortal
=260  \\$aBarcelona :$bEn la Imprenta de Ignacio Estivill, calle de la Boria,$c[between 1816 and 1852]
=300  \\$a1 online resource
=336  \\$atext$2rdacontent
=337  \\$acomputer$2rdamedia
=338  \\$aonline resources$2rdacarrier
=500  \\$aText printed in two columns.
=500  \\$aIn verse.
=500  \\$aIllustration at head of title.
=500  \\$aCaption title.
=500  \\$aImprint from colophon.
=599  \\$aItem no. T18 in volume 11450.f.27.$5Uk
=533  \\$aElectronic Reproduction$bLondon$cBritish Library$d2012$nItem no. T18 in volume 11450.f.27.$5Uk
=650  \0$aChristian literature, Spanish.
=650  \0$aSin.
=650  \4$aLiteratura religiosa española.
=650  \4$aPecado.
=655  \7$aChapbooks$zSpain.$2rbgenr
=700  1\$aEstivill, Ignacio,$dactive 1816-1852$cactive 1816-1852,$eprinter.$5Uk
=752  \\$aSpain$dBarcelona.
=856  40$uhttp://cudl.lib.cam.ac.uk/view/PR-11450-F-00027-00018$yCambridge Digital Library
=859  \\$aXLD$bCambridge Digital Library
=CAT  \\$aWR14_159$b00$c20141016$lBLL01$h1655
=CAT  \\$aBATCH-UPD$b00$c20141016$lBLL01$h1708
=CAT  \\$aWR14_181$c20150323$lBLL01$h1403
=CAT  \\$aW1606-1753$c20171028$lBLL01$h1604
=SRC  \\$aBLWrongdoing
=LAS  \\$aW1606-1753$b00$c20171028$lBLL01$h1604

