=LDR  01752 am a2200433 a 4500
=001  016893929
=003  Uk
=005  20130613172101.0
=006  m\\\\||\\d\|\\\\\\
=007  cr\|||||||||||
=008  130613q18221861sp\a\\\\o\\\\\000\0\spa\d
=FMT  \\$a  BK
=040  \\$aUkCU$beng$cUkCU$dUk
=245  00$aNueva relacion, en donde se refieren los amorosos sucesos de dos amantes, naturales de la ciudad de Toledo :$bdáse cuenta, como por haber dado muerte á un caballero, se asentò el galan de la ciudad, y sabiendolo la dama, fué en busca suya, y como vinieron á casarse : De don Antonio Orillana.
=260  \\$aBarcelona :$bImprenta de I. Estivill,$c[between 1822 and 1861?]
=300  \\$a1 online resource
=336  \\$atext$2rdacontent
=337  \\$acomputer$2rdamedia
=338  \\$aonline resources$2rdacarrier
=500  \\$aText printed in two columns.
=500  \\$aIn verse.
=500  \\$aThree separate illustrations incorporated within title.
=500  \\$aCaption title.
=500  \\$aImprint from colophon.
=599  \\$aItem no. T19 in volume 11450.f.27.$5Uk
=533  \\$aElectronic Reproduction$bLondon$cBritish Library$d2012$nItem no. T19 in volume 11450.f.27.$5Uk
=650  \0$aMurder.
=650  \4$aAsesinato.
=650  \4$aBodas.
=655  \7$aChapbooks$zSpain.$2rbgenr
=662  \\$aSpain$dToledo$2lcsh-naf
=752  \\$aSpain$dBarcelona.
=856  40$uhttp://cudl.lib.cam.ac.uk/view/PR-11450-F-00027-00019$yCambridge Digital Library
=859  \\$aXLD$bCambridge Digital Library
=CAT  \\$aWR14_159$b00$c20141016$lBLL01$h1655
=CAT  \\$aWR14_181$c20150323$lBLL01$h1403
=CAT  \\$aW1606-1753$c20171028$lBLL01$h1604
=SRC  \\$aBLWrongdoing
=LAS  \\$aW1606-1753$b00$c20171028$lBLL01$h1604

