=LDR  01619 am a2200445 a 4500
=001  016893930
=003  Uk
=005  20130613173138.0
=006  m\\\\||\\d\|\\\\\\
=007  cr\|||||||||||
=008  130613q18221861sp\a\\\\o\\\\\000\0\spa\d
=FMT  \\$a  BK
=040  \\$aUkCU$beng$cUkCU$dUk
=245  00$aBreve relacion de la tragica historia de Pablo y Virginia.
=246  30$aPablo y Virginia
=246  17$aHistoria de Pablo y Virginia
=260  \\$aBarcelona :$bImprenta de Estivill, calle de la Boria,$c[between 1822 and 1861?]
=300  \\$a1 online resource
=336  \\$atext$2rdacontent
=337  \\$acomputer$2rdamedia
=338  \\$aonline resources$2rdacarrier
=500  \\$aText chiefly printed in two columns.
=500  \\$aIn verse; with summary.
=500  \\$aIllustration below title.
=500  \\$aCaption title.
=500  \\$a"Cancion lamentable de Pablo y Virginia": p. [8].
=599  \\$aItem no. T20 in volume 11450.f.27.$5Uk
=533  \\$aElectronic Reproduction$bLondon$cBritish Library$d2012$nItem no. T20 in volume 11450.f.27.$5Uk
=650  \0$aShipwrecks.
=650  \4$aNaufragios.
=655  \7$aChapbooks$zSpain.$2rbgenr
=740  02$aCancion lamentable de Pablo y Virginia.
=752  \\$aSpain$dBarcelona.
=856  40$uhttp://cudl.lib.cam.ac.uk/view/PR-11450-F-00027-00020$yCambridge Digital Library
=859  \\$aXLD$bCambridge Digital Library
=CAT  \\$aWR14_159$b00$c20141016$lBLL01$h1655
=CAT  \\$aWR14_181$c20150323$lBLL01$h1403
=CAT  \\$aW1606-1753$c20171028$lBLL01$h1604
=SRC  \\$aBLWrongdoing
=LAS  \\$aW1606-1753$b00$c20171028$lBLL01$h1604

