=LDR  01896 am a2200493 a 4500
=001  016893931
=003  Uk
=005  20140602100811.0
=006  m\\\\||\\d\|\\\\\\
=007  cr\|||||||||||
=008  130613q18161852sp\a\\\\o\\\\\000\0\spa\d
=FMT  \\$a  BK
=040  \\$aUkCU$beng$cUkCU$dUk
=245  00$aRomance nuevo e interesante [de] la hermosa y perseguida princesa de Palermo, la infanta Rosindela, [en] el que se refiere como el conde de Neblin, ambicioso de poseer [el] trono de Sicilia, engañó al príncipe haciéndole creer que su esposa le era infiel : con todas las demas aventuras que verá en su contenido el curioso lector
=260  \\$aBarcelona :$bImprenta de Ignacio Estivill,$c[between 1816 and 1852]
=300  \\$a1 online resource
=336  \\$atext$2rdacontent
=337  \\$acomputer$2rdamedia
=338  \\$aonline resources$2rdacarrier
=500  \\$aText printed in two columns.
=500  \\$aIn verse.
=500  \\$aIllustration at head of title.
=500  \\$aCaption title.
=500  \\$aImprint from colophon.
=599  \\$aItem no. T22 in volume 11450.f.27.$5Uk
=533  \\$aElectronic Reproduction$bLondon$cBritish Library$d2012$nItem no. T22 in volume 11450.f.27.$5Uk
=650  \0$aPrincesses.
=650  \0$aJealousy.
=650  \0$aRevenge.
=650  \0$aHonor.
=650  \4$aPrincesas.
=650  \4$aCelos.
=650  \4$aHonor.
=650  \4$aVenganza.
=655  \7$aChapbooks$zSpain.$2rbgenr
=662  \\$aItaly$dPalermo$2lcsh-naf
=752  \\$aSpain$dBarcelona.
=856  40$uhttp://cudl.lib.cam.ac.uk/view/PR-11450-F-00027-00022$yCambridge Digital Library
=859  \\$aXLD$bCambridge Digital Library
=CAT  \\$aWR14_159$b00$c20141016$lBLL01$h1655
=CAT  \\$aWR14_181$c20150323$lBLL01$h1403
=CAT  \\$aW1606-1753$c20171028$lBLL01$h1604
=SRC  \\$aBLWrongdoing
=LAS  \\$aW1606-1753$b00$c20171028$lBLL01$h1604

