=LDR  02030 am a2200481 a 4500
=001  016893932
=003  Uk
=005  20140602100550.0
=006  m\\\\||\\d\|\\\\\\
=007  cr\|||||||||||
=008  130613q18161852sp\a\\\\o\\\\\000\0\spa\d
=FMT  \\$a  BK
=040  \\$aUkCU$beng$cUkCU$dUk
=245  00$a[Satira] graciosa y muy entretenida, para reir y pasar el tiempo, despues de [la ba]rriga llena, y no de caldo de campana, en que se declara el litigio [que t]uvieron una suegra y nuera, hasta llegar á tirarse de los cabellos [y da]rse cozcorrones, y el marido que estaba fuera de casa entró al ruido, y cogiendo un palo, les sacudió las costillas.
=260  \\$aReimpreso en Barcelona :$bPor Ignacio Estivill, calle del Conde del Asalto, 65,$c[between 1816 and 1852]
=300  \\$a1 online resource
=336  \\$atext$2rdacontent
=337  \\$acomputer$2rdamedia
=338  \\$aonline resources$2rdacarrier
=500  \\$aText printed in two columns.
=500  \\$aIn verse.
=500  \\$aIllustration at head of title.
=500  \\$aCaption title.
=500  \\$aImprint from colophon.
=599  \\$aItem no. T23 in volume 11450.f.27.$5Uk
=533  \\$aElectronic Reproduction$bLondon$cBritish Library$d2012$nItem no. T23 in volume 11450.f.27.$5Uk
=650  \0$aSatire, Spanish.
=650  \0$aMothers-in-law.
=650  \0$aDaughters-in-law.
=650  \4$aSátira española.
=650  \4$aSuegras.
=650  \4$aNueras.
=655  \7$aChapbooks$zSpain.$2rbgenr
=700  1\$aEstivill, Ignacio,$dactive 1816-1852$cactive 1816-1852,$eprinter.$5Uk
=752  \\$aSpain$dBarcelona.
=856  40$uhttp://cudl.lib.cam.ac.uk/view/PR-11450-F-00027-00023$yCambridge Digital Library
=859  \\$aXLD$bCambridge Digital Library
=CAT  \\$aWR14_159$b00$c20141016$lBLL01$h1655
=CAT  \\$aBATCH-UPD$b00$c20141016$lBLL01$h1708
=CAT  \\$aWR14_181$c20150323$lBLL01$h1403
=CAT  \\$aW1606-1753$c20171028$lBLL01$h1604
=SRC  \\$aBLWrongdoing
=LAS  \\$aW1606-1753$b00$c20171028$lBLL01$h1604

