=LDR  01817 am a2200445 a 4500
=001  016893933
=003  Uk
=005  20130912165217.0
=006  m\\\\||\\d\|\\\\\\
=007  cr\|||||||||||
=008  130613q18221861sp\a\\\\o\\\\\000\0\spa\d
=FMT  \\$a  BK
=040  \\$aUkCU$beng$cUkCU$dUk
=245  04$aLos amantes de Teruel :$b[Lame]ntaciones dolorosas de doña Isabel de Segura en el momento de tener [qu]e ir á casarse con don Pedro de Azagra, por haberse cumplido el plazo que el padre de doña Isabel habia dado á don Diego Marcilla, sin haber vuelto.
=246  30$aLamentaciones dolorosas de doña Isabel de Segura
=246  30$aAmantes de Teruel
=260  \\$aBarcelona :$bImprenta de Estivill, calle de la Boria,$c[between 1822 and 1861?]
=300  \\$a1 online resource
=336  \\$atext$2rdacontent
=337  \\$acomputer$2rdamedia
=338  \\$aonline resources$2rdacarrier
=500  \\$aText printed in two columns.
=500  \\$aIn verse.
=500  \\$aTwo separate illustrations at head of title.
=500  \\$aCaption title.
=500  \\$aImprint from colophon.
=599  \\$aItem no. T24 in volume 11450.f.27.$5Uk
=533  \\$aElectronic Reproduction$bLondon$cBritish Library$d2012$nItem no. T24 in volume 11450.f.27.$5Uk
=650  \0$aLovers of Teruel (Legend)
=650  \4$aAmantes de Teruel
=655  \7$aChapbooks$zSpain.$2rbgenr
=662  \\$aSpain$dTeruel$2lcsh-naf
=752  \\$aSpain$dBarcelona.
=856  40$uhttp://cudl.lib.cam.ac.uk/view/PR-11450-F-00027-00024$yCambridge Digital Library
=859  \\$aXLD$bCambridge Digital Library
=CAT  \\$aWR14_159$b00$c20141016$lBLL01$h1655
=CAT  \\$aWR14_181$c20150323$lBLL01$h1403
=CAT  \\$aW1606-1753$c20171028$lBLL01$h1604
=SRC  \\$aBLWrongdoing
=LAS  \\$aW1606-1753$b00$c20171028$lBLL01$h1604

