=LDR  01959 am a2200469 a 4500
=001  016893934
=003  Uk
=005  20130621105048.0
=006  m\\\\||\\d\|\\\\\\
=007  cr\|||||||||||
=008  130621q18221861sp\a\\\\o\\\\\000\0\spa\d
=FMT  \\$a  BK
=040  \\$aUkCU$beng$cUkCU$dUk
=245  03$aLa soltera desgraciada :$bHistoria curiosa y verdadera de los trabajos que pasó una muchacha de un pueblecito de Navarra por el afan de casarse no teniendo mas que quínce años, y que al fin murió soltera, despues de haber quedado jorobada, tuerta, chata, manca y emplumada, segun se verá en este precioso papel.
=246  30$aHistoria curiosa y verdadera de los trabajos que pasó una muchacha de un pueblecito de Navarra
=260  \\$aBarcelona :$bImprenta de I. Estivill,$c[between 1822 and 1861?]
=300  \\$a1 online resource
=336  \\$atext$2rdacontent
=337  \\$acomputer$2rdamedia
=338  \\$aonline resources$2rdacarrier
=500  \\$aText printed in two columns.
=500  \\$aIn verse.
=500  \\$aIllustration incorporated within title.
=500  \\$aCaption title.
=500  \\$aImprint from colophon.
=500  \\$aIn two parts.
=599  \\$aItem no. T25 in volume 11450.f.27.$5Uk
=533  \\$aElectronic Reproduction$bLondon$cBritish Library$d2012$nItem no. T25 in volume 11450.f.27.$5Uk
=650  \0$aSingle women.
=650  \0$aSatire, Spanish.
=650  \4$aMujeres solteras.
=650  \4$aSátira española.
=655  \7$aChapbooks$zSpain.$2rbgenr
=662  \\$aSpain$dNavarre$2lcsh-naf
=752  \\$aSpain$dBarcelona.
=856  40$uhttp://cudl.lib.cam.ac.uk/view/PR-11450-F-00027-00025$yCambridge Digital Library
=859  \\$aXLD$bCambridge Digital Library
=CAT  \\$aWR14_159$b00$c20141016$lBLL01$h1655
=CAT  \\$aWR14_181$c20150323$lBLL01$h1403
=CAT  \\$aW1606-1753$c20171028$lBLL01$h1604
=SRC  \\$aBLWrongdoing
=LAS  \\$aW1606-1753$b00$c20171028$lBLL01$h1604

