=LDR  01899 am a2200457 a 4500
=001  016893937
=003  Uk
=005  20140602100337.0
=006  m\\\\||\\d\|\\\\\\
=007  cr\|||||||||||
=008  130621q18161852sp\a\\\\o\\\\\000\0\spa\d
=FMT  \\$a  BK
=040  \\$aUkCU$beng$cUkCU$dUk
=245  00$aTrovador :$bRomance nuevo en el que se refiere sucinta y compendiosamente los interesantes lances y aventuras de la historia del trovador segun se desprended el [i.e. desprende del] drama original de este nombre.
=246  30$aRomance nuevo en el que se refiere sucinta y compendiosamente los interesantes lances y aventuras de la historia del trovador
=260  \\$aBarcelona :$bImprenta de Ignacio Estivill,$c[between 1816 and 1852?]
=300  \\$a1 online resource
=336  \\$atext$2rdacontent
=337  \\$acomputer$2rdamedia
=338  \\$aonline resources$2rdacarrier
=500  \\$aText printed in two columns.
=500  \\$aIn verse.
=500  \\$aIllustration incorporated within title.
=500  \\$aCaption title.
=500  \\$aImprint from colophon.
=500  \\$a"N.°."
=599  \\$aItem no. T28 in volume 11450.f.27.$5Uk
=533  \\$aElectronic Reproduction$bLondon$cBritish Library$d2012$nItem no. T28 in volume 11450.f.27.$5Uk
=650  \0$aTroubadours.
=650  \4$aTrovadores.
=655  \7$aChapbooks$zSpain.$2rbgenr
=700  1\$aEstivill, Ignacio,$dactive 1816-1852$cactive 1816-1852,$eprinter.$5Uk
=752  \\$aSpain$dBarcelona.
=856  40$uhttp://cudl.lib.cam.ac.uk/view/PR-11450-F-00027-00028$yCambridge Digital Library
=859  \\$aXLD$bCambridge Digital Library
=CAT  \\$aWR14_159$b00$c20141016$lBLL01$h1655
=CAT  \\$aBATCH-UPD$b00$c20141016$lBLL01$h1708
=CAT  \\$aWR14_181$c20150323$lBLL01$h1403
=CAT  \\$aW1606-1753$c20171028$lBLL01$h1604
=SRC  \\$aBLWrongdoing
=LAS  \\$aW1606-1753$b00$c20171028$lBLL01$h1604

