=LDR  02780 am a2200553 a 4500
=001  016893938
=003  Uk
=005  20140602100933.0
=006  m\\\\||\\d\|\\\\\\
=007  cr\|||||||||||
=008  130621q18161852sp\a\\\\o\\\\\000\0\spa\d
=FMT  \\$a  BK
=040  \\$aUkCU$beng$cUkCU$dUk
=245  00$aRenegada de Valladolid :$b[N]uevo romance que contiene la curiosa [hi]stória de una muger natural de Valladolid que siendo cautiva [cu]ando lo de Bugia, negó la ley de N. S. Jesucristo casándose con [un] rico moro, do estuvo veinte y tres años en la secta de Mahoma : [a]l cabo de este tiempo hicieron cautivo á un clérigo hermano de la [re]negada y á la cual sirvió de esclavo tres años seguidos sin co[no]cerse hasta que por ciertas preguntas se descubrió : arrepenti[da] entonces la renegada se vino á Roma con su hermano á re[co]nciliarse con el Santo Padre : van añadidas al fin de este romance cuatro hermosas déci[ma]s para dar días : primera parte.
=246  30$aNuevo romance que contiene la curiosa [hi]stória de una muger natural de Valladolid
=260  \\$aBarcelona :$bImprenta de Ignacio Estivill, calle de la Boria,$c[between 1816 and 1852]
=300  \\$a1 online resource
=336  \\$atext$2rdacontent
=337  \\$acomputer$2rdamedia
=338  \\$aonline resources$2rdacarrier
=500  \\$aText printed in two columns.
=500  \\$aIn verse.
=500  \\$aThree separate illustrations at head of title.
=500  \\$aCaption title.
=500  \\$aImprint from colophon.
=500  \\$a"Decimas para dar dias": p. [8].
=599  \\$aItem no. T29 in volume 11450.f.27.$5Uk
=533  \\$aElectronic Reproduction$bLondon$cBritish Library$d2012$nItem no. T29 in volume 11450.f.27.$5Uk
=650  \0$aChristianity and other religions$xIslam.
=650  \0$aIslam$xRelations$xChristianity.
=650  \0$aRepentance$xChristianity.
=650  \4$aCristianismo y otras religiones$xIslamismo.
=650  \4$aIslamismo$xRelaciones$xCristianismo.
=650  \4$aArrepentimiento$xCristianismo.
=650  \4$aEsclavos.
=655  \7$aChapbooks$zSpain.$2rbgenr
=662  \\$aSpain$dValladolid$2lcsh-naf
=662  \\$aItaly$dRome$2lcsh-naf
=700  1\$aEstivill, Ignacio,$dactive 1816-1852$cactive 1816-1852,$eprinter.$5Uk
=740  02$aDecimas para dar dias.
=752  \\$aSpain$dBarcelona.
=856  40$uhttp://cudl.lib.cam.ac.uk/view/PR-11450-F-00027-00029$yCambridge Digital Library
=859  \\$aXLD$bCambridge Digital Library
=CAT  \\$aWR14_159$b00$c20141016$lBLL01$h1655
=CAT  \\$aBATCH-UPD$b00$c20141016$lBLL01$h1708
=CAT  \\$aWR14_181$c20150323$lBLL01$h1403
=CAT  \\$aW1606-1753$c20171028$lBLL01$h1604
=SRC  \\$aBLWrongdoing
=LAS  \\$aW1606-1753$b00$c20171028$lBLL01$h1604

