=LDR  02043 am a2200517 a 4500
=001  016893941
=003  Uk
=005  20140602100228.0
=006  m\\\\||\\d\|\\\\\\
=007  cr\|||||||||||
=008  130621q18161852sp\a\\\\o\\\\\000\0\spa\d
=FMT  \\$a  BK
=040  \\$aUkCU$beng$cUkCU$dUk
=245  10$aVirtudes de la noche :$bCoplas a lo humano : [r]omance nuevamente refundido por el gran cancionero El solitario de Mella.
=246  30$aCoplas a lo humano
=246  30$aSolitario de Mella
=260  \\$aBarcelona :$bImprenta de Ignacio Estivill,$c[between 1816 and 1852?]
=300  \\$a1 online resource
=336  \\$atext$2rdacontent
=337  \\$acomputer$2rdamedia
=338  \\$aonline resources$2rdacarrier
=500  \\$aText printed in two columns.
=500  \\$aIn verse.
=500  \\$aTwo separate illustrations at head of title.
=500  \\$aCaption title.
=500  \\$aImprint from colophon.
=500  \\$a"Decimas: El caminante y el naufragante ; Soneto de D. Diego de Torres ponderando la constancia de un amor."
=599  \\$aItem no. T32 in volume 11450.f.27.$5Uk
=533  \\$aElectronic Reproduction$bLondon$cBritish Library$d2012$nItem no. T32 in volume 11450.f.27.$5Uk
=650  \0$aNight.
=650  \0$aSongs, Spanish$xTexts.
=650  \4$aNoche.
=653  \0$aCanciones españolas--Textos.
=655  \7$aChapbooks$zSpain.$2rbgenr
=700  1\$aEstivill, Ignacio,$dactive 1816-1852$cactive 1816-1852,$eprinter.$5Uk
=740  02$aCaminante y el naufragante.
=740  02$aSoneto de D. Diego de Torres ponderando la constancia de un amor.
=752  \\$aSpain$dBarcelona.
=856  40$uhttp://cudl.lib.cam.ac.uk/view/PR-11450-F-00027-00032$yCambridge Digital Library
=859  \\$aXLD$bCambridge Digital Library
=CAT  \\$aWR14_159$b00$c20141016$lBLL01$h1656
=CAT  \\$aBATCH-UPD$b00$c20141016$lBLL01$h1708
=CAT  \\$aWR14_181$c20150323$lBLL01$h1403
=CAT  \\$aW1606-1753$c20171028$lBLL01$h1604
=SRC  \\$aBLWrongdoing
=LAS  \\$aW1606-1753$b00$c20171028$lBLL01$h1604

