=LDR  02570 am a2200565 a 4500
=001  016893945
=003  Uk
=005  20130621150135.0
=006  m\\\\||\\d\|\\\\\\
=007  cr\|||||||||||
=008  130621s1852\\\\sp\a\\\\o\\\\\000\0\spa\d
=FMT  \\$a  BK
=040  \\$aUkCU$beng$cUkCU$dUk
=245  00$aPascuala la criminal :$bNueva y variada relación, cruel y lastimoso romance, en el que se declara el asesinato que ha ejecutado una muger llamada Pascuala Calonge y su criado José Díez Moreno, quitando la vida á el marido de esta, Valentin la Carta, estando durmiendo la noche del 3 de enero de 1845 y como el 18 de abril de éste fueron muertos en garrote vil en la plaza del mercado de la ciudad de Soria con lo demás que verá el curioso lector : primera parte.
=246  30$aCruel y lastimoso romance, en el que se declara el asesinato que ha ejecutado una muger llamada Pascuala Calonge
=260  \\$aBarcelona :$bImprenta de Estivill,$caño 1852.
=300  \\$a1 online resource
=336  \\$atext$2rdacontent
=337  \\$acomputer$2rdamedia
=338  \\$aonline resources$2rdacarrier
=500  \\$aText printed in two columns.
=500  \\$aIn verse.
=500  \\$aIllustration at head of title; second part with additional illustration at head of title.
=500  \\$aCaption title.
=500  \\$aImprint from colophon.
=500  \\$aIn two parts.
=599  \\$aItem no. T36 in volume 11450.f.27.$5Uk
=533  \\$aElectronic Reproduction$bLondon$cBritish Library$d2012$nItem no. T36 in volume 11450.f.27.$5Uk
=650  \4$aPascuala Calonge (Fictitious character)
=650  \4$aJosé Díez Moreno (Fictitious character)
=650  \4$aValentin la Carta (Fictitious character)
=650  \0$aWomen murderers.
=650  \0$aCrimes of passion.
=650  \0$aCapital punishment.
=650  \4$aAsesinas.
=650  \4$aCrímenes de pasión.
=650  \4$aPena de muerte.
=653  \1$aPascuala Calonge (Personaje ficticio)
=653  \1$aJosé Díez Moreno (Personaje ficticio)
=653  \1$aValentin la Carta (Personaje ficticio)
=655  \7$aChapbooks$zSpain.$2rbgenr
=662  \\$aSpain$dSoria$2lcsh-naf
=752  \\$aSpain$dBarcelona.
=856  40$uhttp://cudl.lib.cam.ac.uk/view/PR-11450-F-00027-00036$yCambridge Digital Library
=859  \\$aXLD$bCambridge Digital Library
=CAT  \\$aWR14_159$b00$c20141016$lBLL01$h1656
=CAT  \\$aWR14_181$c20150323$lBLL01$h1403
=CAT  \\$aW1606-1753$c20171028$lBLL01$h1604
=SRC  \\$aBLWrongdoing
=LAS  \\$aW1606-1753$b00$c20171028$lBLL01$h1604

