=LDR  02207 am a2200505 a 4500
=001  016893950
=003  Uk
=005  20130621160332.0
=006  m\\\\||\\d\|\\\\\\
=007  cr\|||||||||||
=008  130621s1854\\\\sp\a\\\\o\\\\\000\0\spa\d
=FMT  \\$a  BK
=040  \\$aUkCU$beng$cUkCU$dUk
=043  \\$ae-sp---
=245  00$aVida, milagros y estratagemas de las cuatro clases de mugeres que hay en Madrid :$bseguido del chistoso testamento del hermano á la hermana, con unos trovos de ojo solapado y tripa redonda.
=260  \\$aBarcelona :$bReimpreso por J. Tauló, véndese en casa J. Llorens, calle de la Palma de Sta. Catalina,$c1854.
=300  \\$a1 online resource
=336  \\$atext$2rdacontent
=337  \\$acomputer$2rdamedia
=338  \\$aonline resources$2rdacarrier
=500  \\$aText printed in two columns.
=500  \\$aIn verse.
=500  \\$aThree separate illustrations at head of title.
=500  \\$aCaption title.
=500  \\$aImprint from colophon.
=500  \\$a"Chistoso testamento que hizo el mono á su hermana poco antes de morir en el cual le deja todos sus bienes": p. [3-4].
=500  \\$a"Trovos varios alegres y divertidos": p. [4].
=599  \\$aItem no. T41 in volume 11450.f.27.$5Uk
=533  \\$aElectronic Reproduction$bLondon$cBritish Library$d2012$nItem no. T41 in volume 11450.f.27.$5Uk
=650  \0$aWomen$zSpain$zMadrid$xConduct of life.
=650  \0$aSongs, Spanish$xTexts
=650  \4$aMujeres$zEspaña$zMadrid$xConducta de vida.
=653  \0$aCanciones españolas--Textos.
=655  \7$aChapbooks$zSpain.$2rbgenr
=662  \\$aSpain$dMadrid$2lcsh-naf
=740  02$aTrovos varios alegres y divertidos.
=740  02$aChistoso testamento que hizo el mono á su hermana poco antes de morir en el cual le deja todos sus bienes.
=752  \\$aSpain$dBarcelona.
=856  40$uhttp://cudl.lib.cam.ac.uk/view/PR-11450-F-00027-00041$yCambridge Digital Library
=859  \\$aXLD$bCambridge Digital Library
=CAT  \\$aWR14_159$b00$c20141016$lBLL01$h1656
=CAT  \\$aWR14_181$c20150323$lBLL01$h1403
=CAT  \\$aW1606-1753$c20171028$lBLL01$h1604
=SRC  \\$aBLWrongdoing
=LAS  \\$aW1606-1753$b00$c20171028$lBLL01$h1604

