=LDR  01584 am a2200421 a 4500
=001  016893952
=003  Uk
=005  20130621165211.0
=006  m\\\\||\\d\|\\\\\\
=007  cr\|||||||||||
=008  130621s1854\\\\sp\a\\\\o\\\\\000\0\cat\\
=FMT  \\$a  BK
=040  \\$aUkCU$beng$cUkCU$dUk
=245  00$aCanso nova :$bprendas apreciables de las Tuyas Ripoll sirventa del mol content D. Xirinola Panallons, titulat lo gran buxacas.
=246  30$aPrendas apreciables de las Tuyas Ripoll
=260  \\$aBarcelona :$bEn la Imprenta de Ignasi Estivill,$c1854.
=300  \\$a1 online resource
=336  \\$atext$2rdacontent
=337  \\$acomputer$2rdamedia
=338  \\$aonline resources$2rdacarrier
=500  \\$aText printed in two columns.
=500  \\$aTwo separate illustrations at head of title.
=500  \\$aIn verse.
=500  \\$aCaption title.
=500  \\$aImprint from colophon.
=599  \\$aItem no. T43 in volume 11450.f.27.$5Uk
=533  \\$aElectronic Reproduction$bLondon$cBritish Library$d2012$nItem no. T43 in volume 11450.f.27.$5Uk
=650  \0$aSongs, Spanish$vTexts.
=653  \4$aCanciones españolas--Textos.
=655  \7$aChapbooks$zSpain.$2rbgenr
=752  \\$aSpain$dBarcelona.
=856  40$uhttp://cudl.lib.cam.ac.uk/view/PR-11450-F-00027-00043$yCambridge Digital Library
=859  \\$aXLD$bCambridge Digital Library
=CAT  \\$aWR14_159$b00$c20141016$lBLL01$h1656
=CAT  \\$aWR14_181$c20150323$lBLL01$h1403
=CAT  \\$aW1606-1753$c20171028$lBLL01$h1604
=SRC  \\$aBLWrongdoing
=LAS  \\$aW1606-1753$b00$c20171028$lBLL01$h1604

