=LDR  01964 am a2200493 a 4500
=001  016893953
=003  Uk
=005  20130621171145.0
=006  m\\\\||\\d\|\\\\\\
=007  cr\|||||||||||
=008  130621s1854\\\\sp\a\\\\o\\\\\000\0\spa\d
=FMT  \\$a  BK
=040  \\$aUkCU$beng$cUkCU$dUk
=245  00$aJuan Valmajor :$bRelacion exacta y fidedigna de la catástrofe sangrienta ocurrida en la villa de Figueras la noche del 4 de marzo de 1854, entre el serrador Juan Valmajor, su mujer, sus hijas y un guarda-terra conocido por Pera-Furné.
=246  30$aRelacion exacta y fidedigna de la catástrofe sangrienta ocurrida en la villa de Figueras
=260  \\$aBarcelona :$bImprenta de I. Estivill,$c1854.
=300  \\$a1 online resource
=336  \\$atext$2rdacontent
=337  \\$acomputer$2rdamedia
=338  \\$aonline resources$2rdacarrier
=500  \\$aText printed in two columns.
=500  \\$aIn verse.
=500  \\$aIllustration incorporated within title.
=500  \\$aCaption title.
=500  \\$aImprint from colophon.
=599  \\$aItem no. T44 in volume 11450.f.27.$5Uk
=533  \\$aElectronic Reproduction$bLondon$cBritish Library$d2012$nItem no. T44 in volume 11450.f.27.$5Uk
=650  \0$aLoggers.
=650  \0$aWomen$xCrimes against.
=650  \0$aAssassination.
=650  \4$aTrabajadores de la industria forestal.
=650  \4$aMujeres$xCrímenes contra las.
=650  \4$aAsesinato.
=653  \1$aJuan Valmajor (Personaje ficticio)
=655  \7$aChapbooks$zSpain.$2rbgenr
=662  \\$aSpain$dFigueres$2lcsh-naf
=752  \\$aSpain$dBarcelona.
=856  40$uhttp://cudl.lib.cam.ac.uk/view/PR-11450-F-00027-00044$yCambridge Digital Library
=859  \\$aXLD$bCambridge Digital Library
=CAT  \\$aWR14_159$b00$c20141016$lBLL01$h1656
=CAT  \\$aWR14_181$c20150323$lBLL01$h1403
=CAT  \\$aW1606-1753$c20171028$lBLL01$h1604
=SRC  \\$aBLWrongdoing
=LAS  \\$aW1606-1753$b00$c20171028$lBLL01$h1604

