=LDR  01867 am a2200481 a 4500
=001  016893961
=003  Uk
=005  20130628143116.0
=006  m\\\\||\\d\|\\\\\\
=007  cr\|||||||||||
=008  130628s1857\\\\sp\a\\\\o\\\\\000\0\spa\d
=FMT  \\$a  BK
=040  \\$aUkCU$beng$cUkCU$dUk
=245  00$aAmores de Abelardo y Heloisa :$bcancion de Heloisa, con la postrera despedida de Abelardo : ya ultimamente añadida la Cancion del destino.
=260  \\$aBarcelona :$bVéndese en casa Juan Llorens, calle de la Palma de Sta. Catalina,$c1857$f(Imprenta de José Tauló).
=300  \\$a1 online resource
=336  \\$atext$2rdacontent
=337  \\$acomputer$2rdamedia
=338  \\$aonline resources$2rdacarrier
=500  \\$aText printed in two columns.
=500  \\$aIn verse.
=500  \\$aIllustration at head of title.
=500  \\$aCaption title.
=500  \\$aImprint from colophon.
=599  \\$aItem no. T52 in volume 11450.f.27.$5Uk
=533  \\$aElectronic Reproduction$bLondon$cBritish Library$d2012$nItem no. T52 in volume 11450.f.27.$5Uk
=600  10$aAbelard, Peter,$d1079-1142.
=600  00$aHéloisa,$d1101-1164.
=600  14$aAbelardo, Pedro,$d1079-1142.
=600  04$aHéloïse,$dapproximately 1095-1163 or 1164.
=650  \0$aSongs, Spanish$vTexts.
=653  \0$aCanciones españolas--Textos.
=655  \7$aChapbooks$zSpain.$2rbgenr
=740  02$aCancion del destino.
=752  \\$aSpain$dBarcelona.
=856  40$uhttp://cudl.lib.cam.ac.uk/view/PR-11450-F-00027-00052$yCambridge Digital Library
=859  \\$aXLD$bCambridge Digital Library
=CAT  \\$aWR14_159$b00$c20141016$lBLL01$h1656
=CAT  \\$aWR14_181$c20150323$lBLL01$h1403
=CAT  \\$a5194$b40$c20151021$lBLL01$h1043
=CAT  \\$aW1606-1753$c20171028$lBLL01$h1604
=SRC  \\$aBLWrongdoing
=LAS  \\$aW1606-1753$b00$c20171028$lBLL01$h1604

