=LDR  01976 am a2200493 a 4500
=001  016893962
=003  Uk
=005  20150225123654.0
=006  m\\\\||\\d\|\\\\\\
=007  cr\|||||||||||
=008  130628s1857\\\\sp\a\\\\o\\\\\000\0\spa\d
=FMT  \\$a  BK
=040  \\$aUkCU$beng$cUkCU$dUk
=245  00$aChiste gracioso de un médico y un arriero :$bpuede cantarse con la tonada del coronel : van al fin unos trovos nuevos de amor.
=260  \\$aBarcelona :$bVéndese en casa Juan Llorens, calle de la Palma de Sta. Catalina,$c1857$e(Impreso en Sevilla y reimpreso en Barcelona :$fImp. de J. Tauló).
=300  \\$a1 online resource
=336  \\$atext$2rdacontent
=337  \\$acomputer$2rdamedia
=338  \\$aonline resources$2rdacarrier
=500  \\$aText printed in two columns.
=500  \\$aIn verse.
=500  \\$aIllustration at head of title.
=500  \\$aCaption title.
=500  \\$aImprint from colophon.
=500  \\$a"Trovos en que un galan manifiesta á su dama el escesivo amor y cariño que la tiene": p. [4].
=599  \\$aItem no. T53 in volume 11450.f.27.$5Uk
=533  \\$aElectronic Reproduction$bLondon$cBritish Library$d2012$nItem no. T53 in volume 11450.f.27.$5Uk
=650  \0$aSatire, Spanish.
=650  \0$aMuleteers.
=650  \0$aPhysicians.
=650  \4$aSátira española.
=650  \4$aArrieros.
=650  \4$aMédicos.
=655  \7$aChapbooks$zSpain.$2rbgenr
=740  02$aTrovos en que un galan manifiesta á su dama el escesivo amor y cariño que la tiene.
=752  \\$aSpain$dBarcelona.
=856  40$uhttp://cudl.lib.cam.ac.uk/view/PR-11450-F-00027-00053$yCambridge Digital Library
=859  \\$aXLD$bCambridge Digital Library
=CAT  \\$aWR14_159$b00$c20141016$lBLL01$h1656
=CAT  \\$a2833$b40$c20150225$lBLL01$h1236
=CAT  \\$aWR14_181$c20150323$lBLL01$h1403
=CAT  \\$aW1606-1753$c20171028$lBLL01$h1604
=SRC  \\$aBLWrongdoing
=LAS  \\$aW1606-1753$b00$c20171028$lBLL01$h1604

