=LDR  02055 am a2200517 a 4500
=001  016893969
=003  Uk
=005  20130628172846.0
=006  m\\\\||\\d\|\\\\\\
=007  cr\|||||||||||
=008  130628s1857\\\\sp\a\\\\o\\\\\000\0\spa\d
=FMT  \\$a  BK
=040  \\$aUkCU$beng$cUkCU$dUk
=245  00$aLorenzo de Tejado :$bTerrible y curiosa relacion de las muertes que este infeliz ejecutó á su muger y á cuatro hijos suyos, todo por obra del diablo y como Jesus y su Vírgen Madre le salvaron su alma.
=246  30$aTerrible y curiosa relacion de las muertes que este infeliz ejecutó á su muger y á cuatro hijos suyos
=260  \\$aBarcelona :$bVéndese en casa Juan Llorens, calle de la Palma de Sta. Catalina,$c1857$f(Imprenta de José Tauló)
=300  \\$a1 online resource
=336  \\$atext$2rdacontent
=337  \\$acomputer$2rdamedia
=338  \\$aonline resources$2rdacarrier
=500  \\$aText printed in two columns.
=500  \\$aIn verse.
=500  \\$aIllustration incorporated within title.
=500  \\$aCaption title.
=500  \\$aImprint from colophon.
=599  \\$aItem no. T60 in volume 11450.f.27.$5Uk
=533  \\$aElectronic Reproduction$bLondon$cBritish Library$d2012$nItem no. T60 in volume 11450.f.27.$5Uk
=650  \4$aLorenzo de Tejado (Fictitious character)
=650  \0$aAtrocities.
=650  \0$aAssassination.
=650  \0$aInfanticide.
=650  \4$aAsesinato.
=650  \4$aAtrocidades.
=650  \4$aInfanticidio.
=650  \4$aDiablo.
=653  \1$aLorenzo de Tejado (Personaje ficticio)
=655  \7$aChapbooks$zSpain.$2rbgenr
=662  \\$aSpain$dLeón$2lcsh-naf
=752  \\$aSpain$dBarcelona.
=856  40$uhttp://cudl.lib.cam.ac.uk/view/PR-11450-F-00027-00060$yCambridge Digital Library
=859  \\$aXLD$bCambridge Digital Library
=CAT  \\$aWR14_159$b00$c20141016$lBLL01$h1656
=CAT  \\$aWR14_181$c20150323$lBLL01$h1403
=CAT  \\$aW1606-1753$c20171028$lBLL01$h1604
=SRC  \\$aBLWrongdoing
=LAS  \\$aW1606-1753$b00$c20171028$lBLL01$h1604

