=LDR  02496 am a2200565 a 4500
=001  016893972
=003  Uk
=005  20130704164718.0
=006  m\\\\||\\d\|\\\\\\
=007  cr\|||||||||||
=008  130704m18581859sp\a\\\\o\\\\\000\0\spa\d
=FMT  \\$a  BK
=040  \\$aUkCU$beng$cUkCU$dUk
=245  00$aPrimera parte de la cancion del curro marinero :$bcon la contestacion de su curra la pescadera : utila esta cancion á los navegantes para divertirse en sus viajes ; seguida de otra titulada El cachirulo y de unas estrofas muy divertidas.
=246  30$aDel curro marinero
=260  \\$aBarcelona :$bVéndese en casa Juan Llorens, calle de la Palma de Sta. Catalina,$c1858-1859$f(Imp. de José Tauló, calle de Cires núm. 5)
=300  \\$a1 online resource
=336  \\$atext$2rdacontent
=337  \\$acomputer$2rdamedia
=338  \\$aonline resources$2rdacarrier
=500  \\$aText printed in two columns.
=500  \\$aIn verse.
=500  \\$aIllustration at head of title; additional illustration at head of p. [3]; second part with additional illustration at head of title.
=500  \\$aCaption title.
=500  \\$aImprint from colophon.
=500  \\$a"El cachirulo": p. [2-3].
=500  \\$a"Rondeñas para cantarse con guitarra": p. [3-4].
=500  \\$a"Cancion del curro marinero": p. [7-8].
=500  \\$aIn two parts. Part two has title: "Segunda parte del nuevo curro marinero: despedida."
=500  \\$aPart two has imprint: Barcelona : En casa Juan Llorens, calle de la Palma de Sta. Catalina, Imp. de José Tauló, 1858.
=599  \\$aItem no. T63 in volume 11450.f.27.$5Uk
=533  \\$aElectronic Reproduction$bLondon$cBritish Library$d2012$nItem no. T63 in volume 11450.f.27.$5Uk
=650  \0$aSongs, Spanish$vTexts.
=650  \0$aCourtship.
=650  \0$aSailors.
=650  \4$aCortejo amoroso.
=650  \4$aMarineros.
=653  \0$aCanciones españolas--Textos.
=655  \7$aChapbooks$zSpain.$2rbgenr
=740  02$aCachirulo.
=740  02$aRondeñas para cantarse con guitarra.
=740  02$aCancion del curro marinero.
=752  \\$aSpain$dBarcelona.
=856  40$uhttp://cudl.lib.cam.ac.uk/view/PR-11450-F-00027-00063$yCambridge Digital Library
=859  \\$aXLD$bCambridge Digital Library
=CAT  \\$aWR14_159$b00$c20141016$lBLL01$h1656
=CAT  \\$aWR14_181$c20150323$lBLL01$h1403
=CAT  \\$aW1606-1753$c20171028$lBLL01$h1604
=SRC  \\$aBLWrongdoing
=LAS  \\$aW1606-1753$b00$c20171028$lBLL01$h1604

