=LDR  02045 am a2200541 a 4500
=001  016893973
=003  Uk
=005  20130704165234.0
=006  m\\\\||\\d\|\\\\\\
=007  cr\|||||||||||
=008  130704s1858\\\\sp\a\\\\o\\\\\000\0\spa\d
=FMT  \\$a  BK
=040  \\$aUkCU$beng$cUkCU$dUk
=245  00$aSebastiana del Castillo :$bHorrorosa relacion de las atrocidades que cometió esta jóven : y el trágico fin de su vida despues de haber muerto á su padre, madre y hermanos.
=246  30$aHorrorosa relacion de las atrocidades que cometió esta jóven
=260  \\$aBarcelona :$bEn casa Juan Llorens, calle de la Palma de Sta. Catalina,$c1858$f(Imp. de J. Tauló)
=300  \\$a1 online resource
=336  \\$atext$2rdacontent
=337  \\$acomputer$2rdamedia
=338  \\$aonline resources$2rdacarrier
=500  \\$aText printed in two columns.
=500  \\$aIn verse.
=500  \\$aIllustration at head of title.
=500  \\$aCaption title.
=500  \\$aImprint from colophon.
=599  \\$aItem no. T64 in volume 11450.f.27.$5Uk
=533  \\$aElectronic Reproduction$bLondon$cBritish Library$d2012$nItem no. T64 in volume 11450.f.27.$5Uk
=650  \4$aSebastiana del Castillo (Fictitious character)
=650  \0$aAtrocities.
=650  \0$aFratricide.
=650  \0$aParricide.
=650  \0$aRevenge.
=650  \4$aAtrocidades.
=650  \4$aFratricidio.
=650  \4$aParricidio.
=650  \4$aVenganza.
=653  \1$aSebastiana del Castillo (Personaje ficticio)
=655  \7$aChapbooks$zSpain.$2rbgenr
=662  \\$aSpain$gSierra Morena$2lcsh-naf
=662  \\$aSpain$dCiudad-Rodrigo$2lcsh-naf
=752  \\$aSpain$dBarcelona.
=856  40$uhttp://cudl.lib.cam.ac.uk/view/PR-11450-F-00027-00064$yCambridge Digital Library
=859  \\$aXLD$bCambridge Digital Library
=CAT  \\$aWR14_159$b00$c20141016$lBLL01$h1656
=CAT  \\$aWR14_181$c20150323$lBLL01$h1403
=CAT  \\$aW1606-1753$c20171028$lBLL01$h1604
=SRC  \\$aBLWrongdoing
=LAS  \\$aW1606-1753$b00$c20171028$lBLL01$h1604

