=LDR  01928 am a2200505 a 4500
=001  016893975
=003  Uk
=005  20130704170520.0
=006  m\\\\||\\d\|\\\\\\
=007  cr\|||||||||||
=008  130704s1858\\\\sp\a\\\\o\\\\\000\0\spa\d
=FMT  \\$a  BK
=040  \\$aUkCU$beng$cUkCU$dUk
=245  00$aParto del gallego :$bSatirilla nueva, alegre y divertida, que pasó en Cádiz á un gallego ansioso de estar preñado y los lances que le sucedieron en su pretendido parto, con lo demás que se verá.
=246  30$aSatirilla nueva, alegre y divertida para reir y pasar el tiempo
=260  \\$aBarcelona :$bEn casa Juan Llorens, calle de la Palma de Sta. Catalina,$c1858$f(Imp. de José Tauló)
=300  \\$a1 online resource
=336  \\$atext$2rdacontent
=337  \\$acomputer$2rdamedia
=338  \\$aonline resources$2rdacarrier
=500  \\$aText printed in two columns.
=500  \\$aIn verse.
=500  \\$aIllustration incorporated within title.
=500  \\$aCaption title.
=500  \\$aImprint from colophon.
=599  \\$aItem no. T66 in volume 11450.f.27.$5Uk
=533  \\$aElectronic Reproduction$bLondon$cBritish Library$d2012$nItem no. T66 in volume 11450.f.27.$5Uk
=650  \0$aSatire, Spanish.
=650  \0$aMale pregnancy.
=650  \0$aChildbirth.
=650  \0$aDeception.
=650  \4$aSátira española.
=650  \4$aParto.
=650  \4$aEngaño.
=653  \0$aEmbarazo masculino.
=655  \7$aChapbooks$zSpain.$2rbgenr
=662  \\$aSpain$dCádiz$2lcsh-naf
=752  \\$aSpain$dBarcelona.
=856  40$uhttp://cudl.lib.cam.ac.uk/view/PR-11450-F-00027-00066$yCambridge Digital Library
=859  \\$aXLD$bCambridge Digital Library
=CAT  \\$aWR14_159$b00$c20141016$lBLL01$h1656
=CAT  \\$aWR14_181$c20150323$lBLL01$h1403
=CAT  \\$aW1606-1753$c20171028$lBLL01$h1604
=SRC  \\$aBLWrongdoing
=LAS  \\$aW1606-1753$b00$c20171028$lBLL01$h1604

