=LDR  01897 am a2200481 a 4500
=001  016893976
=003  Uk
=005  20130704171920.0
=006  m\\\\||\\d\|\\\\\\
=007  cr\|||||||||||
=008  130704s1858\\\\sp\a\\\\o\\\\\000\0\spa\d
=FMT  \\$a  BK
=040  \\$aUkCU$beng$cUkCU$dUk
=245  03$aLa jaca é terciopelo ;$bseguido de la Cancion de la jalea y amores de una dama con un confitero ; y La hermosa Julia.
=260  \\$aBarcelona :$bEn casa Juan Llorens, calle de la Palma de Sta. Catalina,$c1858$f(Imp. de José Tauló, calle de la Tapinería, no. 58)
=300  \\$a1 online resource
=336  \\$atext$2rdacontent
=337  \\$acomputer$2rdamedia
=338  \\$aonline resources$2rdacarrier
=500  \\$aText printed in two columns.
=500  \\$aIn verse.
=500  \\$aTwo separate illustrations at head of title.
=500  \\$aCaption title.
=500  \\$aImprint from colophon.
=500  \\$a"Cancion de la jalea y amores de una dama con un confitero": p. [3].
=500  \\$a"La hermosa Julia": p. [4].
=599  \\$aItem no. T67 in volume 11450.f.27.$5Uk
=533  \\$aElectronic Reproduction$bLondon$cBritish Library$d2012$nItem no. T67 in volume 11450.f.27.$5Uk
=650  \0$aSongs, Spanish$vTexts.
=650  \0$aCourtship.
=650  \4$aCortejo amoroso.
=653  \0$aCanciones españolas--Textos.
=655  \7$aChapbooks$zSpain.$2rbgenr
=740  02$aCancion de la jalea y amores de una dama con un confitero.
=740  02$aHermosa Julia.
=752  \\$aSpain$dBarcelona.
=856  40$uhttp://cudl.lib.cam.ac.uk/view/PR-11450-F-00027-00067$yCambridge Digital Library
=859  \\$aXLD$bCambridge Digital Library
=CAT  \\$aWR14_159$b00$c20141016$lBLL01$h1656
=CAT  \\$aWR14_181$c20150323$lBLL01$h1403
=CAT  \\$aW1606-1753$c20171028$lBLL01$h1604
=SRC  \\$aBLWrongdoing
=LAS  \\$aW1606-1753$b00$c20171028$lBLL01$h1604

