=LDR  01939 am a2200493 a 4500
=001  016893977
=003  Uk
=005  20130704172528.0
=006  m\\\\||\\d\|\\\\\\
=007  cr\|||||||||||
=008  130704s1858\\\\sp\a\\\\o\\\\\000\0\spa\d
=FMT  \\$a  BK
=040  \\$aUkCU$beng$cUkCU$dUk
=245  03$aTragica escena que pasó en la corte de Madrid :$bde tres hombres y dos mugeres que habian dado muerte á muchas personas, de las cuales algunas se hallaron en sal y otras consumidas : fué descubierto por un caballero con quien querian ejecutar lo mismo, conocido por el maltés en Madrid : primera parte.
=246  30$aMaltes en Madrid
=260  \\$aBarcelona :$bVéndese en casa Juan Llorens, calle de la Palma de Sta. Catalina,$c1858$f(Imprenta de José Tauló)
=300  \\$a1 online resource
=336  \\$atext$2rdacontent
=337  \\$acomputer$2rdamedia
=338  \\$aonline resources$2rdacarrier
=500  \\$aText printed in two columns.
=500  \\$aIn verse.
=500  \\$aIllustration at head of title.
=500  \\$aCaption title.
=500  \\$aImprint from colophon.
=500  \\$aIn two parts.
=599  \\$aItem no. T68 in volume 11450.f.27.$5Uk
=533  \\$aElectronic Reproduction$bLondon$cBritish Library$d2012$nItem no. T68 in volume 11450.f.27.$5Uk
=650  \0$aMurder.
=650  \0$aInquisition.
=650  \0$aHeresy.
=650  \4$aAsesinato.
=650  \4$aInquisición.
=650  \4$aHerejía.
=655  \7$aChapbooks$zSpain.$2rbgenr
=662  \\$aSpain$dMadrid$2lcsh-naf
=752  \\$aSpain$dBarcelona.
=856  40$uhttp://cudl.lib.cam.ac.uk/view/PR-11450-F-00027-00068$yCambridge Digital Library
=859  \\$aXLD$bCambridge Digital Library
=CAT  \\$aWR14_159$b00$c20141016$lBLL01$h1656
=CAT  \\$aWR14_181$c20150323$lBLL01$h1403
=CAT  \\$aW1606-1753$c20171028$lBLL01$h1604
=SRC  \\$aBLWrongdoing
=LAS  \\$aW1606-1753$b00$c20171028$lBLL01$h1604

