=LDR  01866 am a2200469 a 4500
=001  016893978
=003  Uk
=005  20130704173106.0
=006  m\\\\||\\d\|\\\\\\
=007  cr\|||||||||||
=008  130704s1858\\\\sp\a\\\\o\\\\\000\0\spa\d
=FMT  \\$a  BK
=040  \\$aUkCU$beng$cUkCU$dUk
=043  \\$ae-it---
=245  00$aHorrible terremoto acaecido en el reino de Nápoles el dia 16 de diciembre de 1857, en el cual perecieron mas de 30,000 personas y se arruinaron infinidad de pueblos con otras muchas desgracias.
=246  30$aTerremoto
=260  \\$aBarcelona :$bEn casa Juan Llorens, calle de la Palma de Sta. Catalina,$c1858$f(Imp. de José Tauló, calle de la Tapineria, núm. 58)
=300  \\$a1 online resource
=336  \\$atext$2rdacontent
=337  \\$acomputer$2rdamedia
=338  \\$aonline resources$2rdacarrier
=500  \\$aText printed in two columns.
=500  \\$aIn verse.
=500  \\$aIllustration at head of title.
=500  \\$aCaption title.
=500  \\$aImprint from colophon.
=599  \\$aItem no. T69 in volume 11450.f.27.$5Uk
=533  \\$aElectronic Reproduction$bLondon$cBritish Library$d2012$nItem no. T69 in volume 11450.f.27.$5Uk
=650  \0$aEarthquakes$zItaly$zNaples.
=650  \0$aNatural disasters$zItaly$zNaples.
=650  \0$aDesastres naturales$zItalia$zNápoles.
=650  \4$aTerremotos$zItalia$zNápoles.
=655  \7$aChapbooks$zSpain.$2rbgenr
=662  \\$aItaly$dNaples$2lcsh-naf
=752  \\$aSpain$dBarcelona.
=856  40$uhttp://cudl.lib.cam.ac.uk/view/PR-11450-F-00027-00069$yCambridge Digital Library
=859  \\$aXLD$bCambridge Digital Library
=CAT  \\$aWR14_159$b00$c20141016$lBLL01$h1656
=CAT  \\$aWR14_181$c20150323$lBLL01$h1403
=CAT  \\$aW1606-1753$c20171028$lBLL01$h1604
=SRC  \\$aBLWrongdoing
=LAS  \\$aW1606-1753$b00$c20171028$lBLL01$h1604

