=LDR  02402 am a2200541 a 4500
=001  016893979
=003  Uk
=005  20130705100647.0
=006  m\\\\||\\d\|\\\\\\
=007  cr\|||||||||||
=008  130705s1858\\\\sp\a\\\\o\\\\\000\0\spa\d
=FMT  \\$a  BK
=040  \\$aUkCU$beng$cUkCU$dUk
=245  03$aLa Rosaura del guante :$bRelacion de las aventuras que pasaron los jóvenes Rosaura y don Antonio de Narvaez, desde su primer encuentro hasta lograr su feliz matrimonio : primera parte.
=246  30$aRelación de las aventuras que pasaron los jóvenes Rosaura y don Antonio de Narvaez
=260  \\$aBarcelona :$bEn casa Juan Llorens, calle de la Palma de Santa Catalina,$c1858$f(Imp. de José Tauló)
=300  \\$a1 online resource
=336  \\$atext$2rdacontent
=337  \\$acomputer$2rdamedia
=338  \\$aonline resources$2rdacarrier
=500  \\$aText printed in two columns.
=500  \\$aIn verse.
=500  \\$aIllustration at head of title; second part with additional illustration at head of title.
=500  \\$aCaption title.
=500  \\$aImprint from colophon.
=500  \\$aIn two parts. Part two has title: La Rosaura del guante: sucesos amorosos de los inseparables amantes Rosaura y Narvaez.
=500  \\$aCaption below illustration at head of part two reads: "Despues de haber dado muerte al oso, se dieron palabra y mano de esposos."
=599  \\$aItem no. T70 in volume 11450.f.27.$5Uk
=533  \\$aElectronic Reproduction$bLondon$cBritish Library$d2012$nItem no. T70 in volume 11450.f.27.$5Uk
=650  \4$aRosaura (Fictitious character)
=650  \4$aNarváez, Antonio (Fictitious character)
=650  \4$aOsos.
=653  \1$aRosaura (Personaje ficticio)
=653  \1$aNarváez, Antonio (Personaje ficticio)
=653  \0$aDesacuerdo familiar.
=653  \0$aInfamia.
=655  \7$aChapbooks$zSpain.$2rbgenr
=662  \\$aSpain$gSierra Morena$2lcsh-naf
=662  \\$aSpain$dMadrid$2lcsh-naf
=662  \\$aSpain$dCórdoba$2lcsh-naf
=752  \\$aSpain$dBarcelona.
=856  40$uhttp://cudl.lib.cam.ac.uk/view/PR-11450-F-00027-00070$yCambridge Digital Library
=859  \\$aXLD$bCambridge Digital Library
=CAT  \\$aWR14_159$b00$c20141016$lBLL01$h1656
=CAT  \\$aWR14_181$c20150323$lBLL01$h1403
=CAT  \\$aW1606-1753$c20171028$lBLL01$h1604
=SRC  \\$aBLWrongdoing
=LAS  \\$aW1606-1753$b00$c20171028$lBLL01$h1604

