=LDR  02480 am a2200517 a 4500
=001  016893981
=003  Uk
=005  20130705102731.0
=006  m\\\\||\\d\|\\\\\\
=007  cr\|||||||||||
=008  130705s1858\\\\sp\a\\\\o\\\\\000\0\spa\d
=FMT  \\$a  BK
=040  \\$aUkCU$beng$cUkCU$dUk
=245  00$aPortentoso milagro :$bRelacion en que se declara el riguroso castigo que Dios ejecutó con una jóven de 18 años en el reino de Valencia, por haber levantado la mano á su madre la echó una maldicion que la comprendió al momento : y como se vió libre de una escuadra infernal por la intercesión de Maria Santísima del Rosario y los cuatro evangelios, con lo demás que verá el curioso lector.
=246  30$aRelacion en que se declara el riguroso castigo que Dios ejecutó con una jóven de 18 años en el reino de Valencia
=260  \\$aBarcelona :$bEn casa Juan Llorens, calle de la Palma de Sta. Catalina,$c1858$f(Imp. de José Tauló, calle de la Tapinería)
=300  \\$a1 online resource
=336  \\$atext$2rdacontent
=337  \\$acomputer$2rdamedia
=338  \\$aonline resources$2rdacarrier
=500  \\$aText printed in two columns.
=500  \\$aIn verse.
=500  \\$aIllustration at head of title.
=500  \\$aCaption title.
=500  \\$aImprint from colophon.
=500  \\$aIn two parts. Part two has title: "Segunda parte donde se prosiguen los sucesos acaecidos con esta inobediente hija."
=599  \\$aItem no. T72 in volume 11450.f.27.$5Uk
=533  \\$aElectronic Reproduction$bLondon$cBritish Library$d2012$nItem no. T72 in volume 11450.f.27.$5Uk
=650  \0$aRosary, Our Lady of the$xMiracles.
=650  \0$aJudgment of God.
=650  \0$aChristianity and justice.
=650  \0$aMothers and daughters.
=650  \4$aMadres e hijas.
=653  \0$aJusticia divina.
=653  \1$aNuestra Señora del Rosario--Milagros.
=655  \7$aChapbooks$zSpain.$2rbgenr
=662  \\$aSpain$dValencia$2lcsh-naf
=740  02$aSegunda parte donde se prosiguen los sucesos acaecidos con esta inobediente hija.
=752  \\$aSpain$dBarcelona.
=856  40$uhttp://cudl.lib.cam.ac.uk/view/PR-11450-F-00027-00072$yCambridge Digital Library
=859  \\$aXLD$bCambridge Digital Library
=CAT  \\$aWR14_159$b00$c20141016$lBLL01$h1656
=CAT  \\$aWR14_181$c20150323$lBLL01$h1403
=CAT  \\$aW1606-1753$c20171028$lBLL01$h1604
=SRC  \\$aBLWrongdoing
=LAS  \\$aW1606-1753$b00$c20171028$lBLL01$h1604

