=LDR  01710 am a2200445 a 4500
=001  016893982
=003  Uk
=005  20130705103454.0
=006  m\\\\||\\d\|\\\\\\
=007  cr\|||||||||||
=008  130705s1859\\\\sp\a\\\\o\\\\\000\0\spa\d
=FMT  \\$a  BK
=040  \\$aUkCU$beng$cUkCU$dUk
=245  00$aTristes lamentos de la infeliz Adelaida, víctima por su padre que la hizo ser monja á su despecho :$by aviso que se da a los mismos para que no violentan la vocacion a sus hijas.
=260  \\$aBarcelona :$bEn casa Juan Llorens, calle de la Palma de Santa Catalina,$c1859$f(Imp. de JoséTauló, calle de Cirés, n. 5)
=300  \\$a1 online resource
=336  \\$atext$2rdacontent
=337  \\$acomputer$2rdamedia
=338  \\$aonline resources$2rdacarrier
=500  \\$aText printed in two columns.
=500  \\$aIn verse.
=500  \\$aIllustration at head of title.
=500  \\$aCaption title.
=500  \\$aImprint from colophon.
=599  \\$aItem no. T73 in volume 11450.f.27.$5Uk
=533  \\$aElectronic Reproduction$bLondon$cBritish Library$d2012$nItem no. T73 in volume 11450.f.27.$5Uk
=650  \0$aNuns.
=650  \0$aFathers and daughters.
=650  \4$aMonjas.
=650  \4$aPadres e hijas.
=653  \0$aDesacuerdo familiar.
=655  \7$aChapbooks$zSpain.$2rbgenr
=752  \\$aSpain$dBarcelona.
=856  40$uhttp://cudl.lib.cam.ac.uk/view/PR-11450-F-00027-00073$yCambridge Digital Library
=859  \\$aXLD$bCambridge Digital Library
=CAT  \\$aWR14_159$b00$c20141016$lBLL01$h1656
=CAT  \\$aWR14_181$c20150323$lBLL01$h1403
=CAT  \\$aW1606-1753$c20171028$lBLL01$h1604
=SRC  \\$aBLWrongdoing
=LAS  \\$aW1606-1753$b00$c20171028$lBLL01$h1604

