=LDR  02123 am a2200469 a 4500
=001  016893986
=003  Uk
=005  20130705110823.0
=006  m\\\\||\\d\|\\\\\\
=007  cr\|||||||||||
=008  130705s1859\\\\sp\a\\\\o\\\\\000\0\spa\d
=FMT  \\$a  BK
=040  \\$aUkCU$beng$cUkCU$dUk
=245  00$aCarta amorosa puesta en trovos que escribe un soldado de las provincias á su querida novia, manifestándola el sentimiento que esperimenta por hallarse ausente de su patria, y en particular de ella, advirtiéndola los deseos que tiene de verla :$bcon la contestacion de su querida, manifestándole la firmeza de su amor.
=260  \\$aBarcelona :$bEn casa Juan Llorens, calle de la Palma de Sta. Catalina,$c1859$f(Imp. de José Tauló, calle de la Tapineria, n. 58)
=300  \\$a1 online resource
=336  \\$atext$2rdacontent
=337  \\$acomputer$2rdamedia
=338  \\$aonline resources$2rdacarrier
=500  \\$aText printed in two columns.
=500  \\$aIn verse.
=500  \\$aIllustration at head of title.
=500  \\$aCaption title.
=500  \\$aImprint from colophon.
=500  \\$a"Contestacion amorosa que hace esta dama á su amante, manifestándole la firmeza de su amor y el regocijo que ha tenido por haber recibido su carta": p. [3-4].
=599  \\$aItem no. T77 in volume 11450.f.27.$5Uk
=533  \\$aElectronic Reproduction$bLondon$cBritish Library$d2012$nItem no. T77 in volume 11450.f.27.$5Uk
=650  \0$aMan-woman relationships.
=650  \4$aRelaciones hombre-mujer.
=650  \0$aCourtship.
=650  \4$aCortejo amoroso.
=650  \4$aSoldados.
=655  \7$aChapbooks$zSpain.$2rbgenr
=740  02$aContestacion amorosa que hace esta dama á su amante.
=752  \\$aSpain$dBarcelona.
=856  40$uhttp://cudl.lib.cam.ac.uk/view/PR-11450-F-00027-00077$yCambridge Digital Library
=859  \\$aXLD$bCambridge Digital Library
=CAT  \\$aWR14_159$b00$c20141016$lBLL01$h1656
=CAT  \\$aWR14_181$c20150323$lBLL01$h1403
=CAT  \\$aW1606-1753$c20171028$lBLL01$h1604
=SRC  \\$aBLWrongdoing
=LAS  \\$aW1606-1753$b00$c20171028$lBLL01$h1604

