=LDR  02468 am a2200541 a 4500
=001  016893987
=003  Uk
=005  20130705120455.0
=006  m\\\\||\\d\|\\\\\\
=007  cr\|||||||||||
=008  130705s1859\\\\sp\a\\\\o\\\\\000\0\spa\d
=FMT  \\$a  BK
=040  \\$aUkCU$beng$cUkCU$dUk
=245  00$aHorroroso asesinato :$bRelacion del crimen que perpetró la noche del viernes 26 de febrero del presente año en la villa de Santa Perpétua Narciso Casademunt, de oficio tejedor y natural de Caldes de Monbuy, de edad 37 años : asesinando á su cuñada Mariana Monistrol, á un hijo de la misma é hiriendo á otro y degollando por fin á una inocente criatura de pecho, propia de otra familia, que la infeliz víctima criaba.
=246  30$aRelacion del crimen que perpetró la noche del viernes 26 de febrero del presente año en la villa de Santa Perpétua
=260  \\$aBarcelona :$bEn casa Juan Llorens, calle de la Palma de Sta. Catalina,$c1859$f(Imp. de José Tauló, calle de la Tapinería, n. 58)
=300  \\$a1 online resource
=336  \\$atext$2rdacontent
=337  \\$acomputer$2rdamedia
=338  \\$aonline resources$2rdacarrier
=500  \\$aText printed in two columns.
=500  \\$aIn verse.
=500  \\$aIllustration at head of title.
=500  \\$aCaption title.
=500  \\$aImprint from colophon.
=599  \\$aItem no. T78 in volume 11450.f.27.$5Uk
=533  \\$aElectronic Reproduction$bLondon$cBritish Library$d2012$nItem no. T78 in volume 11450.f.27.$5Uk
=650  \0$aAtrocities.
=650  \0$aAssassination.
=650  \0$aInfanticide.
=650  \4$aNarciso Casademunt (Fictitious charachter)
=650  \4$aMariana Monistrol (Fictitious charachter)
=650  \4$aAtrocidades.
=650  \4$aAsesinato.
=650  \4$aInfanticidio.
=653  \1$aNarciso Casademunt (Personaje ficticio)
=653  \1$aMariana Monistrol (Personaje ficticio)
=655  \7$aChapbooks$zSpain.$2rbgenr
=662  \\$aSpain$dSanta Perpetua de Moguda$2lcsh-naf
=662  \\$aSpain$dCaldas de Montbuy$2lcsh-naf
=752  \\$aSpain$dBarcelona.
=856  40$uhttp://cudl.lib.cam.ac.uk/view/PR-11450-F-00027-00078$yCambridge Digital Library
=859  \\$aXLD$bCambridge Digital Library
=CAT  \\$aWR14_159$b00$c20141016$lBLL01$h1656
=CAT  \\$aWR14_181$c20150323$lBLL01$h1403
=CAT  \\$aW1606-1753$c20171028$lBLL01$h1604
=SRC  \\$aBLWrongdoing
=LAS  \\$aW1606-1753$b00$c20171028$lBLL01$h1604

