=LDR  02842 am a2200613 a 4500
=001  016893988
=003  Uk
=005  20130705122429.0
=006  m\\\\||\\d\|\\\\\\
=007  cr\|||||||||||
=008  130705s1859\\\\sp\a\\\\o\\\\\000\0\spa\d
=FMT  \\$a  BK
=040  \\$aUkCU$beng$cUkCU$dUk
=245  00$aD. Jacinto del Castillo y Doña Leonor de la Rosa :$bRelacion de los crímenes que cometieron estos dos fieles amantes para conseguir sus promesas de amor : primera parte.
=246  30$aDon Jacinto del Castillo y Doña Leonor de la Rosa
=246  30$aRelacion de los crímenes que cometieron estos dos fieles amantes
=260  \\$aBarcelona :$bEn casa Juan Llorens, calle de la Palma de Sta. Catalina,$c1859$f(Imp. de José Tauló, calle de Cirés, n.° 5)
=300  \\$a1 online resource
=336  \\$atext$2rdacontent
=337  \\$acomputer$2rdamedia
=338  \\$aonline resources$2rdacarrier
=500  \\$aText printed in two columns.
=500  \\$aIn verse.
=500  \\$aIllustration at head of title; second part with additional illustration at head of title.
=500  \\$aCaption title.
=500  \\$aImprint from colophon.
=500  \\$aIn two parts. Part two has title: "D. Jacinto del Castillo y doña Leonor de la Rosa: relacion de la horrorosa muerte que sufrieron estos dos fieles amantes en Argelia, por ser firmes en sus promesas de amor y en la Fé de Jesucristo
=599  \\$aPt. 1 is item no. T79 in volume 11450.f.27; pt. 2. is item no. T80 in volume 11450.f.27.$5Uk
=533  \\$aElectronic Reproduction$bLondon$cBritish Library$d2012$nPt. 1 is item no. T79 in volume 11450.f.27; pt. 2. is item no. T80 in volume 11450.f.27.$5Uk
=600  00$aJesus Christ$xDevotion to.
=600  04$aJesucristo$xDevoción a.
=650  \0$aArranged marriage.
=650  \0$aCrimes of passion.
=650  \0$aParricide.
=650  \4$aMatrimonio arreglado.
=650  \4$aCrímenes de pasión.
=650  \4$aPatricidio.
=650  \4$aRosa, Leonor de la (Fictitious character)
=650  \4$aCastillo, Jacinto del (Fictitious character)
=650  \4$aContreras, Fernando de (Fictitious character)
=653  \1$aRosa, Leonor de la (Personaje ficticio)
=653  \1$aCastillo, Jacinto del (Personaje ficticio)
=653  \1$aContreras, Fernando de (Personaje ficticio)
=655  \7$aChapbooks$zSpain.$2rbgenr
=662  \\$aSpain$dLa Coruña$2lcsh-naf
=662  \\$aAlgeria$2lcsh-naf
=752  \\$aSpain$dBarcelona.
=856  40$uhttp://cudl.lib.cam.ac.uk/view/PR-11450-F-00027-00079$yCambridge Digital Library
=859  \\$aXLD$bCambridge Digital Library
=CAT  \\$aWR14_159$b00$c20141016$lBLL01$h1656
=CAT  \\$aWR14_181$c20150323$lBLL01$h1403
=CAT  \\$aW1606-1753$c20171028$lBLL01$h1604
=SRC  \\$aBLWrongdoing
=LAS  \\$aW1606-1753$b00$c20171028$lBLL01$h1604

