=LDR  01710 am a2200433 a 4500
=001  016893989
=003  Uk
=005  20130705123355.0
=006  m\\\\||\\d\|\\\\\\
=007  cr\|||||||||||
=008  130705s1859\\\\sp\a\\\\o\\\\\000\0\spa\d
=FMT  \\$a  BK
=040  \\$aUkCU$beng$cUkCU$dUk
=245  00$aCancion nueva de Catalina Howar en el último dia de su vida :$bprimera parte.
=246  30$aCatalina Howar
=260  \\$aBarcelona :$bSe halla de venta en casa Antonio Bosch, calle Baja de San Pedro, núm. 71,$c1859$f(Imp. de Euterpe, de Antonio Bosch y J.A. Clavé, Ramalleras, 15)
=300  \\$a1 online resource
=336  \\$atext$2rdacontent
=337  \\$acomputer$2rdamedia
=338  \\$aonline resources$2rdacarrier
=500  \\$aText printed in two columns.
=500  \\$aIn verse.
=500  \\$aIllustration at head of title.
=500  \\$aCaption title.
=500  \\$aImprint from colophon.
=500  \\$aIn two parts. Part two has title: "Catalina Howar: segunda parte."
=599  \\$aItem no. T81 in volume 11450.f.27.$5Uk
=533  \\$aElectronic Reproduction$bLondon$cBritish Library$d2012$nItem no. T81 in volume 11450.f.27.$5Uk
=650  \4$aCatalina Howar (Fictitious character)
=653  \\$aCatalina Howar (Personaje ficticio)
=655  \7$aChapbooks$zSpain.$2rbgenr
=752  \\$aSpain$dBarcelona.
=856  40$uhttp://cudl.lib.cam.ac.uk/view/PR-11450-F-00027-00081$yCambridge Digital Library
=859  \\$aXLD$bCambridge Digital Library
=CAT  \\$aWR14_159$b00$c20141016$lBLL01$h1656
=CAT  \\$aWR14_181$c20150323$lBLL01$h1403
=CAT  \\$aW1606-1753$c20171028$lBLL01$h1604
=SRC  \\$aBLWrongdoing
=LAS  \\$aW1606-1753$b00$c20171028$lBLL01$h1604

