=LDR  01702 am a2200445 a 4500
=001  016893991
=003  Uk
=005  20130705162036.0
=006  m\\\\||\\d\|\\\\\\
=007  cr\|||||||||||
=008  130705s1859\\\\sp\a\\\\o\\\\\000\0\spa\d
=FMT  \\$a  BK
=040  \\$aUkCU$beng$cUkCU$dUk
=245  00$aCancion nueva á mi hermosa Elvira para cantarse con guitarra.
=246  30$aHermosa Elvira
=260  \\$aBarcelona :$bEn casa Juan Llorens, calle de la Palma de Santa Catalina,$c1859$f(Imp. de José Tauló, calle de Cirés, n. 5)
=300  \\$a1 online resource
=336  \\$atext$2rdacontent
=337  \\$acomputer$2rdamedia
=338  \\$aonline resources$2rdacarrier
=500  \\$aText printed in two columns.
=500  \\$aIn verse.
=500  \\$aTwo separate illustrations at head of title; additional illustration at head of p. [3].
=500  \\$aCaption title.
=500  \\$aImprint from colophon.
=500  \\$a"Vida de las doncellas": p. [3-4].
=599  \\$aItem no. T83 in volume 11450.f.27.$5Uk
=533  \\$aElectronic Reproduction$bLondon$cBritish Library$d2012$nItem no. T83 in volume 11450.f.27.$5Uk
=650  \0$aSongs, Spanish$vTexts.
=653  \0$aCanciones españolas--Textos.
=655  \7$aChapbooks$zSpain.$2rbgenr
=740  02$aVida de las doncellas.
=752  \\$aSpain$dBarcelona.
=856  40$uhttp://cudl.lib.cam.ac.uk/view/PR-11450-F-00027-00083$yCambridge Digital Library
=859  \\$aXLD$bCambridge Digital Library
=CAT  \\$aWR14_159$b00$c20141016$lBLL01$h1656
=CAT  \\$aWR14_181$c20150323$lBLL01$h1403
=CAT  \\$aW1606-1753$c20171028$lBLL01$h1604
=SRC  \\$aBLWrongdoing
=LAS  \\$aW1606-1753$b00$c20171028$lBLL01$h1604

