=LDR  02079 am a2200505 a 4500
=001  016893994
=003  Uk
=005  20130705170347.0
=006  m\\\\||\\d\|\\\\\\
=007  cr\|||||||||||
=008  130705s1859\\\\sp\a\\\\o\\\\\000\0\spa\d
=FMT  \\$a  BK
=040  \\$aUkCU$beng$cUkCU$dUk
=245  00$aMargarita de Borgoña, reina de Francia :$bRomance histórico de los sangrientos asesinatos perpetrados por dicha Margarita en la Torre de Nesle y ejemplar castigo que sufrieron ella y su cómplice.
=246  30$aRomance histórico de los sangrientos asesinatos perpetrados por dicha Margarita en la Torre de Nesle
=260  \\$aBarcelona :$bEn casa Juan Llorens, calle de la Palma de Sta. Catalina,$c1859$f(Imp. de José Tauló)
=300  \\$a1 online resource
=336  \\$atext$2rdacontent
=337  \\$acomputer$2rdamedia
=338  \\$aonline resources$2rdacarrier
=500  \\$aText printed in two columns.
=500  \\$aIn verse.
=500  \\$aIllustration at head of title.
=500  \\$aCaption title.
=500  \\$aImprint from colophon.
=599  \\$aItem no. T86 in volume 11450.f.27.$5Uk
=533  \\$aElectronic Reproduction$bLondon$cBritish Library$d2012$nItem no. T86 in volume 11450.f.27.$5Uk
=600  00$aMarguerite,$cde Bourgogne, Queen, consort of Louis X, King of France,$d1290-1315.
=600  04$aMargarita,$cde Borgoña, Reina, consorte de Luis X, Rey de Francia,$d1290-1315.
=650  \0$aWomen murderers.
=650  \0$aParricide.
=650  \0$aAtrocities.
=650  \4$aAsesinas.
=650  \4$aAtrocidades.
=650  \4$aParricidio.
=655  \7$aChapbooks$zSpain.$2rbgenr
=662  \\$aFrance$dBurgundy$2lcsh-naf
=752  \\$aSpain$dBarcelona.
=856  40$uhttp://cudl.lib.cam.ac.uk/view/PR-11450-F-00027-00086$yCambridge Digital Library
=859  \\$aXLD$bCambridge Digital Library
=CAT  \\$aWR14_159$b00$c20141016$lBLL01$h1656
=CAT  \\$aWR14_181$c20150323$lBLL01$h1403
=CAT  \\$aW1606-1753$c20171028$lBLL01$h1604
=SRC  \\$aBLWrongdoing
=LAS  \\$aW1606-1753$b00$c20171028$lBLL01$h1604

