=LDR  02416 am a2200505 a 4500
=001  016893996
=003  Uk
=005  20130705172418.0
=006  m\\\\||\\d\|\\\\\\
=007  cr\|||||||||||
=008  130705s1859\\\\sp\a\\\\o\\\\\000\0\spa\d
=FMT  \\$a  BK
=040  \\$aUkCU$beng$cUkCU$dUk
=245  04$aMemorial de las solteras presentado á las autoridades competentes, pidiéndoles la obolicion [sic] de las quintas ó en caso contrario, que en vez de enviar jóvenes al servicio de las armas que envien viejos, mancos, tuertos ó jorobados :$by contestacion de las autoridades á dicho memorial : y ultimamente, un congreso que tuvieron las casadas para emanciparse del gobierno de sus esposos y mandar ellas, y contestación a tan descabellada peticion.
=260  \\$aBarcelona :$bEn casa Juan Llorens, calle de la Palma de Santa Catalina,$c1859$f(Imp. de José Tauló, calle de Cirés, n. 5)
=300  \\$a1 online resource
=336  \\$atext$2rdacontent
=337  \\$acomputer$2rdamedia
=338  \\$aonline resources$2rdacarrier
=500  \\$aText printed in two columns.
=500  \\$aIn verse.
=500  \\$aIllustration at head of title.
=500  \\$aCaption title.
=500  \\$aImprint from colophon.
=500  \\$a"Contestacion al memorial presentado por las solteras españolas": p. [2-3].
=500  \\$a"Gran congreso de mugeres casadas en el cual determinan emanciparse del dominio de sus maridos y mandar ellas": p. [3-4].
=599  \\$aItem no. T88 in volume 11450.f.27.$5Uk
=533  \\$aElectronic Reproduction$bLondon$cBritish Library$d2012$nItem no. T88 in volume 11450.f.27.$5Uk
=650  \0$aSatire, Spanish.
=650  \0$aSingle women.
=650  \0$aMan-woman relationships.
=650  \4$aSátira española.
=650  \4$aMujeres solteras.
=650  \4$aRelaciones hombre-mujer.
=655  \7$aChapbooks$zSpain.$2rbgenr
=740  02$aContestacion al memorial presentado por las solteras españolas.
=740  02$aGran congreso de mugeres casadas.
=752  \\$aSpain$dBarcelona.
=856  40$uhttp://cudl.lib.cam.ac.uk/view/PR-11450-F-00027-00088$yCambridge Digital Library
=859  \\$aXLD$bCambridge Digital Library
=CAT  \\$aWR14_159$b00$c20141016$lBLL01$h1656
=CAT  \\$aWR14_181$c20150323$lBLL01$h1403
=CAT  \\$aW1606-1753$c20171028$lBLL01$h1604
=SRC  \\$aBLWrongdoing
=LAS  \\$aW1606-1753$b00$c20171028$lBLL01$h1604

