=LDR  02048 am a2200505 a 4500
=001  016893998
=003  Uk
=005  20130710170730.0
=006  m\\\\||\\d\|\\\\\\
=007  cr\|||||||||||
=008  130710s1859\\\\sp\a\\\\o\\\\\000\0\spa\d
=FMT  \\$a  BK
=040  \\$aUkCU$beng$cUkCU$dUk
=245  00$aJuan Portela :$bRelacion puesta en trovos, de los asesinatos y robos que cometió en las inmediaciones de Córdoba : primera parte.
=246  30$aRelacion puesta en trovos, de los asesinatos y robos que cometió en las inmediaciones de Córdoba
=260  \\$aBarcelona :$bVéndese en casa Juan Llorens, calle de la Palma de Sta. Catalina,$c1859$f(Imp. de José Tauló, calle de Cirés, n.° 5)
=300  \\$a1 online resource
=336  \\$atext$2rdacontent
=337  \\$acomputer$2rdamedia
=338  \\$aonline resources$2rdacarrier
=500  \\$aText printed in two columns.
=500  \\$aIn verse.
=500  \\$aIllustration at head of title.
=500  \\$aCaption title.
=500  \\$aImprint from colophon.
=500  \\$aIn two parts. Part two has title: "Segunda parte en décimas glosadas."
=599  \\$aItem no. T90 in volume 11450.f.27.$5Uk
=533  \\$aElectronic Reproduction$bLondon$cBritish Library$d2012$nItem no. T90 in volume 11450.f.27.$5Uk
=650  \0$aBrigands and robbers.
=650  \0$aCriminals.
=650  \4$aPortela, Juan (Fictitious character)
=650  \4$aBandoleros.
=650  \4$aDelincuentes.
=653  \1$aPortela, Juan (Personaje ficticio)
=655  \7$aChapbooks$zSpain.$2rbgenr
=662  \\$aSpain$dCórdoba$2lcsh-naf
=740  02$aSegunda parte en décimas glosadas.
=752  \\$aSpain$dBarcelona.
=856  40$uhttp://cudl.lib.cam.ac.uk/view/PR-11450-F-00027-00090$yCambridge Digital Library
=859  \\$aXLD$bCambridge Digital Library
=CAT  \\$aWR14_159$b00$c20141016$lBLL01$h1656
=CAT  \\$aWR14_181$c20150323$lBLL01$h1403
=CAT  \\$aW1606-1753$c20171028$lBLL01$h1604
=SRC  \\$aBLWrongdoing
=LAS  \\$aW1606-1753$b00$c20171028$lBLL01$h1604

