=LDR  01691 am a2200469 a 4500
=001  016893999
=003  Uk
=005  20130710170802.0
=006  m\\\\||\\d\|\\\\\\
=007  cr\|||||||||||
=008  130710s1859\\\\sp\a\\\\o\\\\\000\0\cat\d
=FMT  \\$a  BK
=040  \\$aUkCU$beng$cUkCU$dUk
=100  1\$aRobreño, Josep,$d1780-1838.
=245  10$aSermó de la murmuració /$cper Joseph Robreño.
=246  30$aMurmuració
=260  \\$a[Barcelona] :$bEn casa Juan Llorens, carré de la Palma de Santa Catarina,$c1859$f(Imp. de Joseph. Tauló, carre de la Tapinería, n.° 58)
=300  \\$a1 online resource
=336  \\$atext$2rdacontent
=337  \\$acomputer$2rdamedia
=338  \\$aonline resources$2rdacarrier
=500  \\$aText printed in two columns.
=500  \\$aIn verse.
=500  \\$aIllustration at head of title.
=500  \\$aCaption title.
=500  \\$aImprint from colophon.
=599  \\$aItem no. T91 in volume 11450.f.27.$5Uk
=533  \\$aElectronic Reproduction$bLondon$cBritish Library$d2012$nItem no. T91 in volume 11450.f.27.$5Uk
=650  \0$aGossip.
=650  \0$aSatire, Spanish.
=650  \4$aChismorreo.
=650  \4$aSátira española.
=655  \7$aChapbooks$zSpain.$2rbgenr
=752  \\$aSpain$dBarcelona.
=856  40$uhttp://cudl.lib.cam.ac.uk/view/PR-11450-F-00027-00091$yCambridge Digital Library
=859  \\$aXLD$bCambridge Digital Library
=CAT  \\$aWR14_159$b00$c20141016$lBLL01$h1656
=CAT  \\$aBATCH-UPD$b00$c20141016$lBLL01$h1708
=CAT  \\$aWR14_181$c20150323$lBLL01$h1403
=CAT  \\$aW1606-1753$c20171028$lBLL01$h1604
=SRC  \\$aBLWrongdoing
=LAS  \\$aW1606-1753$b00$c20171028$lBLL01$h1604

