=LDR  02309 am a2200457 a 4500
=001  016894000
=003  Uk
=005  20130710170535.0
=006  m\\\\||\\d\|\\\\\\
=007  cr\|||||||||||
=008  130710s1859\\\\sp\a\\\\o\\\\\000\0\spa\d
=FMT  \\$a  BK
=040  \\$aUkCU$beng$cUkCU$dUk
=100  1\$aRobreño, Josep,$d1780-1838.
=245  10$aSermó en vers :$bdirigintse la primera part, en fer veurer las modas y antiguitats pels vells, sent lo mes chocant lo modo en que pinta lo que es lo jove del día : la segona part conté de las donas, en que las vellas ab sos trajos, modo de vestir y caminar volen fer véurer que son joves : de las viudas que demostran un gran desespero y sentiment per la mort de son marit y ja sols sian enterrats voldrien ser tornadas á casá : de las donas casadas que gastan molt luxso ab lo vestir y lo seu marit sols guanya per lo limitat menjar, finalment dona una descripció de la vanitat que gastan las fradinas y del molt exessiu modo de tractar y vestir /$cper Joseph Robrenyo.
=260  \\$aBarcelona :$bEn casa Juan Llorens, calle de la Palma de Sta. Catalina,$c1859$f(Imp. de José Tauló, calle de Cirés, n. 5)
=300  \\$a1 online resource
=336  \\$atext$2rdacontent
=337  \\$acomputer$2rdamedia
=338  \\$aonline resources$2rdacarrier
=500  \\$aText printed in two columns.
=500  \\$aIn verse.
=500  \\$aIllustration at head of title.
=500  \\$aCaption title.
=500  \\$aImprint from colophon.
=599  \\$aItem no. T92 in volume 11450.f.27.$5Uk
=533  \\$aElectronic Reproduction$bLondon$cBritish Library$d2012$nItem no. T92 in volume 11450.f.27.$5Uk
=650  \0$aSatire, Spanish.
=650  \0$aMan-woman relationships.
=650  \4$aSátira española.
=650  \4$aRelaciones hombre-mujer.
=655  \7$aChapbooks$zSpain.$2rbgenr
=752  \\$aSpain$dBarcelona.
=856  40$uhttp://cudl.lib.cam.ac.uk/view/PR-11450-F-00027-00092$yCambridge Digital Library
=859  \\$aXLD$bCambridge Digital Library
=CAT  \\$aWR14_159$b00$c20141016$lBLL01$h1656
=CAT  \\$aBATCH-UPD$b00$c20141016$lBLL01$h1708
=CAT  \\$aWR14_181$c20150323$lBLL01$h1403
=CAT  \\$aW1606-1753$c20171028$lBLL01$h1604
=SRC  \\$aBLWrongdoing
=LAS  \\$aW1606-1753$b00$c20171028$lBLL01$h1604

