=LDR  01774 am a2200457 a 4500
=001  016894005
=003  Uk
=005  20130718142501.0
=006  m\\\\||\\d\|\\\\\\
=007  cr\|||||||||||
=008  130718q18221861sp\a\\\\o\\\\\000\0\spa\d
=FMT  \\$a  BK
=040  \\$aUkCU$beng$cUkCU$dUk
=245  00$aHistoria de un estraordinario suceso acontecido en la actual guerra entre la Turquia y la Rusia :$ben que se cuenta como dos finos amantes se vieron en mil peligros y aventuras antes no pudieron unirse con los lazos de himeneo.
=260  \\$a[Barcelona] :$bImprenta de I. Estivill, calle del Conde del Asalto, n.° 65,$c[between 1822 and 1861?]
=300  \\$a1 online resource
=336  \\$atext$2rdacontent
=337  \\$acomputer$2rdamedia
=338  \\$aonline resources$2rdacarrier
=500  \\$aText printed in two columns.
=500  \\$aIn verse.
=500  \\$aIllustration at head of title.
=500  \\$aCaption title.
=500  \\$aImprint from colophon.
=599  \\$aItem no. T97 in volume 11450.f.27.$5Uk
=533  \\$aElectronic Reproduction$bLondon$cBritish Library$d2012$nItem no. T97 in volume 11450.f.27.$5Uk
=650  \0$aMan-woman relationships.
=650  \0$aWeddings.
=650  \4$aRelaciones hombre-mujer.
=650  \4$aBodas.
=655  \7$aChapbooks$zSpain.$2rbgenr
=662  \\$aTurkey$2lcsh-naf
=662  \\$aRussia$2lcsh-naf
=752  \\$aSpain$dBarcelona.
=856  40$uhttp://cudl.lib.cam.ac.uk/view/PR-11450-F-00027-00097$yCambridge Digital Library
=859  \\$aXLD$bCambridge Digital Library
=CAT  \\$aWR14_159$b00$c20141016$lBLL01$h1656
=CAT  \\$aWR14_181$c20150323$lBLL01$h1403
=CAT  \\$aW1606-1753$c20171028$lBLL01$h1604
=SRC  \\$aBLWrongdoing
=LAS  \\$aW1606-1753$b00$c20171028$lBLL01$h1604

