=LDR  02513 am a2200565 a 4500
=001  016894008
=003  Uk
=005  20140602101800.0
=006  m\\\\||\\d\|\\\\\\
=007  cr\|||||||||||
=008  130718s1830\\\\sp\a\\\\o\\\\\000\0\spa\d
=FMT  \\$a  BK
=040  \\$aUkCU$beng$cUkCU$dUk
=245  03$aEl hijo del verdugo :$bPrimera parte en la que se refieren los mas raros sucesos de este mancebo, natural de la ciudad de Córdoba, el cual se pasó á las Indias y logró grandes fortunas.
=246  30$aPrimera parte en la que se refieren los mas raros sucesos de este mancebo
=260  \\$aBarcelona :$bEn la imprenta de Ignacio Estivill, calle de la Boria,$cDiciembre 1830.
=300  \\$a1 online resource
=336  \\$atext$2rdacontent
=337  \\$acomputer$2rdamedia
=338  \\$aonline resources$2rdacarrier
=500  \\$aText printed in two columns.
=500  \\$aIn verse.
=500  \\$aIllustration at head of title.
=500  \\$aCaption title.
=500  \\$aImprint from colophon.
=500  \\$aIn two parts. Part two has title: "Segunda parte en que se finalizan los varios sucesos y nunca esperadas fortunas de este mancebo, natural de la ciudad de Córdoba, el cual mereció alcanzar los mas altos empleos en los reynos de las Indias occidentales."
=500  \\$a"Núm. 5."
=599  \\$aItem no. T1 in volume 11451.ee.39.$5Uk
=533  \\$aElectronic Reproduction$bLondon$cBritish Library$d2012$nItem no. T1 in volume 11451.ee.39.$5Uk
=650  \0$aSocial mobility.
=650  \0$aMistaken identity.
=650  \0$aInfants switched at birth.
=650  \4$aMovilidad social.
=650  \4$aInfantes cambiados al nacer.
=653  \0$aFalsificación de identidad.
=653  \0$aVerdugos.
=655  \7$aChapbooks$zSpain.$2rbgenr
=662  \\$aSpain$dCórdoba$2lcsh-naf
=662  \\$aPeru$dLima$2lcsh-naf
=700  1\$aEstivill, Ignacio,$dactive 1816-1852$cactive 1816-1852,$eprinter.$5Uk
=740  02$aSegunda parte en que se finalizan los varios sucesos y nunca esperadas fortunas de este mancebo.
=752  \\$aSpain$dBarcelona.
=856  40$uhttp://cudl.lib.cam.ac.uk/view/PR-11451-EE-00039-00001$yCambridge Digital Library
=859  \\$aXLD$bCambridge Digital Library
=CAT  \\$aWR14_159$b00$c20141016$lBLL01$h1656
=CAT  \\$aBATCH-UPD$b00$c20141016$lBLL01$h1708
=CAT  \\$aWR14_181$c20150323$lBLL01$h1403
=CAT  \\$aW1606-1753$c20171028$lBLL01$h1604
=SRC  \\$aBLWrongdoing
=LAS  \\$aW1606-1753$b00$c20171028$lBLL01$h1604

