=LDR  02322 am a2200493 a 4500
=001  016894009
=003  Uk
=005  20130718161411.0
=006  m\\\\||\\d\|\\\\\\
=007  cr\|||||||||||
=008  130718q17991850sp\a\\\\o\\\\\000\0\spa\d
=FMT  \\$a  BK
=040  \\$aUkCU$beng$cUkCU$dUk
=245  00$aCambio de calzones por alforjas :$bDiscreto, gracioso y divertido romance que sucedió el dia dos de enero de este presente año á un carbonero que le dieron un par de calzones, pensando darle sus propias alforjas, y como una vieja con sus industrias raras engañó de tal manera al carbonero, que aun la dió mitad del dinero que sacó del carbon : con lo demás que verá el curioso lector : primera parte.
=246  30$aDiscreto, gracioso y divertido romance que sucedió el dia dos de enero de este presente año á un carbonero
=260  \\$a[S.l. :$bs.n.,$cbetween 1799 and 1850?]
=300  \\$a1 online resource
=336  \\$atext$2rdacontent
=337  \\$acomputer$2rdamedia
=338  \\$aonline resources$2rdacarrier
=500  \\$aText printed in two columns.
=500  \\$aIn verse.
=500  \\$aIllustration incorporated within title; second part with two additional illustrations at head of title.
=500  \\$aCaption title.
=500  \\$aIn two parts. Part two has title: Segunda parte donde se siguen los chistes que le sucedieron al referido carbonero.
=500  \\$a"(Núm. 37.)"
=599  \\$aItem no. T2 in volume 11451.ee.39.$5Uk
=533  \\$aElectronic Reproduction$bLondon$cBritish Library$d2012$nItem no. T2 in volume 11451.ee.39.$5Uk
=650  \0$aAdultery.
=650  \0$aMan-woman relationships.
=650  \4$aAdulterio.
=650  \4$aRelaciones hombre-mujer.
=650  \4$aAncianas.
=650  \4$aCarboneros.
=655  \7$aChapbooks$zSpain.$2rbgenr
=752  \\$aSpain$dValladolid.
=740  02$aSegunda parte donde se siguen los chistes que le sucedieron al referido carbonero.
=856  40$uhttp://cudl.lib.cam.ac.uk/view/PR-11451-EE-00039-00002$yCambridge Digital Library
=859  \\$aXLD$bCambridge Digital Library
=CAT  \\$aWR14_159$b00$c20141016$lBLL01$h1656
=CAT  \\$aWR14_181$c20150323$lBLL01$h1403
=CAT  \\$aW1606-1753$c20171028$lBLL01$h1604
=SRC  \\$aBLWrongdoing
=LAS  \\$aW1606-1753$b00$c20171028$lBLL01$h1604

