=LDR  02103 am a2200577 a 4500
=001  016894012
=003  Uk
=005  20130718163654.0
=006  m\\\\||\\d\|\\\\\\
=007  cr\|||||||||||
=008  130718q18191900sp\a\\\\o\\\\\000\0\spa\d
=FMT  \\$a  BK
=040  \\$aUkCU$beng$cUkCU$dUk
=245  00$aPrimera parte de los romances de la peregrina doctora.
=260  \\$aValladolid :$bImprenta de Santaren,$c[between 1819 and 1900?]
=300  \\$a1 online resource
=336  \\$atext$2rdacontent
=337  \\$acomputer$2rdamedia
=338  \\$aonline resources$2rdacarrier
=500  \\$aText printed in two columns.
=500  \\$aIn verse.
=500  \\$aIllustration at head of title.
=500  \\$aCaption title.
=500  \\$aImprint from colophon.
=500  \\$aIn two parts. Part two has title: Segunda parte de los romances de la peregrina doctora.
=500  \\$a"(Núm. 39.)"
=599  \\$aItem no. T3 in volume 11451.ee.39.$5Uk
=533  \\$aElectronic Reproduction$bLondon$cBritish Library$d2012$nItem no. T3 in volume 11451.ee.39.$5Uk
=600  00$aMary,$cBlessed Virgin, Saint$xApparitions and miracles.
=600  04$aVirgen María$xApariciones y milagros.
=650  \4$aInés Portocarrero (Fictitious character)
=650  \0$aWomen$xCrimes against.
=650  \0$aRevenge.
=650  \0$aAtrocities.
=650  \4$aMujeres$xDelitos contra las.
=650  \4$aVenganza.
=650  \4$aAtrocidades.
=650  \4$aCuranderos.
=650  \4$aLeones.
=653  \1$aInés Portocarrero (Personaje ficticio)
=655  \7$aChapbooks$zSpain.$2rbgenr
=662  \\$aPortugal$dLisbon$2lcsh-naf
=740  02$aSegunda parte de los romances de la peregrina doctora.
=752  \\$aSpain$dValladolid.
=856  40$uhttp://cudl.lib.cam.ac.uk/view/PR-11451-EE-00039-00003$yCambridge Digital Library
=859  \\$aXLD$bCambridge Digital Library
=CAT  \\$aWR14_159$b00$c20141016$lBLL01$h1656
=CAT  \\$aWR14_181$c20150323$lBLL01$h1403
=CAT  \\$aW1606-1753$c20171028$lBLL01$h1604
=SRC  \\$aBLWrongdoing
=LAS  \\$aW1606-1753$b00$c20171028$lBLL01$h1604

