=LDR  02537 am a2200469 a 4500
=001  016894014
=003  Uk
=005  20140602100821.0
=006  m\\\\||\\d\|\\\\\\
=007  cr\|||||||||||
=008  130718s1831\\\\sp\a\\\\o\\\\\000\0\spa\\
=FMT  \\$a  BK
=040  \\$aUkCU$beng$cUkCU$dUk
=245  00$aRomance nuevo de Julian de Paredes :$ben el cual se refiere la asombrosa y conocida historia de Julian de Paredes, molinero de Tríana, arrabal de Sevilla, el cuál desde su niñez fué enseñado á rezar todos los días siete Padre Nuestros y siete Ave Marías á la santa Virgen de Atocha, y aunque en el curso de su vida se dio á las malas compañías, que le arrastráron á los vícios y á las maldades, llegando hasta el punto de ser sentenciado á morir en alta horca, jamas descuydó la devocion de María Santísima : y esto le valió que por medio de esta divina señora se libró de aquel fatal apuro, y en su última emfermedad [sic] logró ver á la misma madre de Dios siete dias ántes de morir : con todo lo demas que verá el curioso lector.
=260  \\$aCon licencia Barcelona :$bImprenta de Ignacio Estivill, calle de la Boria,$cabril de 1831.
=300  \\$a1 online resource
=336  \\$atext$2rdacontent
=337  \\$acomputer$2rdamedia
=338  \\$aonline resources$2rdacarrier
=500  \\$aText printed in two columns.
=500  \\$aIn verse.
=500  \\$aIllustration at head of title.
=500  \\$aCaption title.
=500  \\$aImprint from colophon.
=599  \\$aItem no. T7 in volume 11451.ee.39.$5Uk
=533  \\$aElectronic Reproduction$bLondon$cBritish Library$d2012$nItem no. T7 in volume 11451.ee.39.$5Uk
=600  00$aMary,$cBlessed Virgin, Saint$xDevotion to.
=600  14$aVirgen María$xDevoción a.
=650  \4$aJulián de Paredes (Fictitious character)
=653  \1$aJulián de Paredes (Personaje ficticio)
=655  \7$aChapbooks$zSpain.$2rbgenr
=662  \\$aSpain$dTriana (Seville)$2lcsh-naf
=700  1\$aEstivill, Ignacio,$dactive 1816-1852$cactive 1816-1852,$eprinter.$5Uk
=752  \\$aSpain$dBarcelona.
=856  40$uhttp://cudl.lib.cam.ac.uk/view/PR-11451-EE-00039-00007$yCambridge Digital Library
=859  \\$aXLD$bCambridge Digital Library
=CAT  \\$aWR14_159$b00$c20141016$lBLL01$h1656
=CAT  \\$aBATCH-UPD$b00$c20141016$lBLL01$h1708
=CAT  \\$aWR14_181$c20150323$lBLL01$h1403
=CAT  \\$aW1606-1753$c20171028$lBLL01$h1604
=SRC  \\$aBLWrongdoing
=LAS  \\$aW1606-1753$b00$c20171028$lBLL01$h1604

