=LDR  01691 am a2200457 a 4500
=001  016894017
=003  Uk
=005  20140530130525.0
=006  m\\\\||\\d\|\\\\\\
=007  cr\|||||||||||
=008  130718q18191900sp\a\\\\o\\\\\000\0\spa\\
=FMT  \\$a  BK
=040  \\$aUkCU$beng$cUkCU$dUk
=245  00$aNuevo y curioso romance en que se esplica una breve discreccion de lo que pasó Juan Soldado con un chistoso lance.
=260  \\$aValladolid :$bImprenta de F. Santaren,$c[between 1819 and 1900?]
=300  \\$a1 online resource
=336  \\$atext$2rdacontent
=337  \\$acomputer$2rdamedia
=338  \\$aonline resources$2rdacarrier
=500  \\$aText printed in two columns.
=500  \\$aIn verse.
=500  \\$aTwo separate illustrations at head of title.
=500  \\$aCaption title.
=500  \\$aImprint from colophon.
=500  \\$a"(Núm. 16.)"
=599  \\$aItem no. T17 in volume 11451.ee.39.$5Uk
=533  \\$aElectronic Reproduction$bLondon$cBritish Library$d2012$nItem no. T17 in volume 11451.ee.39.$5Uk
=650  \4$aJuan Soldado (Fictitious character)
=650  \0$aSongs, Spanish$vTexts.
=650  \4$aSoldados.
=653  \0$aCanciones españolas--Textos.
=653  \1$aJuan Soldado (Personaje ficticio)
=655  \7$aChapbooks$zSpain.$2rbgenr
=752  \\$aSpain$dValladolid.
=856  40$uhttp://cudl.lib.cam.ac.uk/view/PR-11451-EE-00039-00017$yCambridge Digital Library
=859  \\$aXLD$bCambridge Digital Library
=CAT  \\$aWR14_159$b00$c20141016$lBLL01$h1656
=CAT  \\$aWR14_181$c20150323$lBLL01$h1403
=CAT  \\$aW1606-1753$c20171028$lBLL01$h1604
=SRC  \\$aBLWrongdoing
=LAS  \\$aW1606-1753$b00$c20171028$lBLL01$h1604

