=LDR  02105 am a2200457 a 4500
=001  016894020
=003  Uk
=005  20140602101655.0
=006  m\\\\||\\d\|\\\\\\
=007  cr\|||||||||||
=008  130718s1831\\\\sp\a\\\\o\\\\\000\0\spa\d
=FMT  \\$a  BK
=040  \\$aUkCU$beng$cUkCU$dUk
=245  00$a[I]nocencia perseguida, o, La desgraciada Matilde :$b[Ro]mance nuevo en el que se cuentan las desdichas que un padre per[ver]so ocasionó á su hermosa hija, la que fué conducida al suplicio, sien[do] inocente por no querer descubrir á su padre, y se vió ne las ma[yo]res aflicciones antes de disfrutar la felicidad que el Cielo le concedió [en?] premio de sus trabajos : con otros sucesos muy curiosos.
=246  30$aDesgraciada Matilde
=246  1\$aRomance nuevo en el que se cuentan las desdichas que un padre perverso ocasionó á su hermosa hija
=260  \\$aCon licencia Barcelona :$bImprenta de Ignacio Estivill, calle de la Boria,$cjulio de 1831.
=300  \\$a1 online resource
=336  \\$atext$2rdacontent
=337  \\$acomputer$2rdamedia
=338  \\$aonline resources$2rdacarrier
=500  \\$aText printed in two columns.
=500  \\$aIn verse.
=500  \\$aIllustration below title.
=500  \\$aCaption title.
=500  \\$a"I. Núm. 9."
=599  \\$aItem no. T14 in volume 11451.ee.39.$5Uk
=533  \\$aElectronic Reproduction$bLondon$cBritish Library$d2012$nItem no. T14 in volume 11451.ee.39.$5Uk
=650  \0$aFathers and daughters.
=650  \4$aPadres e hijas.
=655  \7$aChapbooks$zSpain.$2rbgenr
=700  1\$aEstivill, Ignacio,$dactive 1816-1852$cactive 1816-1852,$eprinter.$5Uk
=752  \\$aSpain$dBarcelona.
=856  40$uhttp://cudl.lib.cam.ac.uk/view/PR-11451-EE-00039-00014$yCambridge Digital Library
=859  \\$aXLD$bCambridge Digital Library
=CAT  \\$aWR14_159$b00$c20141016$lBLL01$h1656
=CAT  \\$aBATCH-UPD$b00$c20141016$lBLL01$h1708
=CAT  \\$aWR14_181$c20150323$lBLL01$h1403
=CAT  \\$aW1606-1753$c20171028$lBLL01$h1604
=SRC  \\$aBLWrongdoing
=LAS  \\$aW1606-1753$b00$c20171028$lBLL01$h1604

