=LDR  01587 am a2200445 a 4500
=001  016894025
=003  Uk
=005  20140327100901.0
=006  m\\\\||\\d\|\\\\\\
=007  cr\|||||||||||
=008  130719q18201823sp\a\\\\o\\\\\000\0\spa\\
=FMT  \\$a  BK
=040  \\$aUkCU$beng$cUkCU$dUk
=245  00$aCoplas de la tabernera y los borrachos por el vino vino :$bprimera parte.
=260  \\$aCon licencia en Madrid :$bImprenta calle de Juanelo,$c[between 1820 and 1823?]
=300  \\$a1 online resource
=336  \\$atext$2rdacontent
=337  \\$acomputer$2rdamedia
=338  \\$aonline resources$2rdacarrier
=500  \\$aText printed in two columns.
=500  \\$aIn verse.
=500  \\$aTwo separate illustrations at head of title.
=500  \\$aCaption title.
=500  \\$aImprint from colophon.
=500  \\$aIn two parts.
=599  \\$aItem no. T20 in volume 11451.ee.39.$5Uk
=533  \\$aElectronic Reproduction$bLondon$cBritish Library$d2012$nItem no. T20 in volume 11451.ee.39.$5Uk
=650  \0$aSongs, Spanish$vTexts.
=650  \0$aAlcoholics
=650  \4$aAlcohólicos.
=653  \0$aCanciones españolas--Textos.
=655  \7$aChapbooks$zSpain.$2rbgenr
=752  \\$aSpain$dMadrid.
=856  40$uhttp://cudl.lib.cam.ac.uk/view/PR-11451-EE-00039-00020$yCambridge Digital Library
=859  \\$aXLD$bCambridge Digital Library
=CAT  \\$aWR14_159$b00$c20141016$lBLL01$h1656
=CAT  \\$aWR14_181$c20150323$lBLL01$h1403
=CAT  \\$aW1606-1753$c20171028$lBLL01$h1604
=SRC  \\$aBLWrongdoing
=LAS  \\$aW1606-1753$b00$c20171028$lBLL01$h1604

