=LDR  02557 am a2200493 a 4500
=001  016894028
=003  Uk
=005  20130719111529.0
=006  m\\\\||\\d\|\\\\\\
=007  cr\|||||||||||
=008  130719q18191900sp\\\\\\o\\\\\000\0\spa\\
=FMT  \\$a  BK
=040  \\$aUkCU$beng$cUkCU$dUk
=245  00$aCartilla de casamientos :$bNuevas y curiosas seguidillas de las condiciones que deben tener las mugeres que quieren casarse con los mocitos solteros, desengañando á estos que juzgando llevar una muger discreta, limpia y aplicada, se encuentran con una tonta, puerca y olgazana, con lo demas que verá el curioso : primera parte.
=246  30$aNuevas y curiosas seguidillas de las condiciones que deben tener las mugeres que quieren casarse con los mocitos solteros
=260  \\$aValladolid :$bImprenta de Fernando Santaren,$c[between 1819 and 1900?]
=300  \\$a1 online resource
=336  \\$atext$2rdacontent
=337  \\$acomputer$2rdamedia
=338  \\$aonline resources$2rdacarrier
=500  \\$aText printed in two columns.
=500  \\$aIn verse.
=500  \\$aCaption title.
=500  \\$aImprint from colophon.
=500  \\$a"(Núm. 68.)"
=500  \\$aIn two parts. Part two has title: "Segunda parte de las festivas y graciosas seguidillas nuevas en que se manifiestan las cláusulas y circunstancias con que deben escoger á sus novios las señoras doncellas y huyan de los que se precian ser buenos hombres y son los mayores tunantes."
=599  \\$aItem no. T23 in volume 11451.ee.39.$5Uk
=533  \\$aElectronic Reproduction$bLondon$cBritish Library$d2012$nItem no. T23 in volume 11451.ee.39.$5Uk
=650  \0$aSatire, Spanish.
=650  \0$aMan-woman relationships.
=650  \0$aMarriage.
=650  \4$aSátira española.
=650  \4$aRelaciones hombre-mujer.
=650  \4$aMatrimonio.
=655  \7$aChapbooks$zSpain.$2rbgenr
=740  02$aSegunda parte de las festivas y graciosas seguidillas nuevas en que se manifiestan las cláusulas y circunstancias con que deben escoger á sus novios las señoras doncellas y huyan de los que se precian ser buenos hombres y son los mayores tunante
=752  \\$aSpain$dValladolid.
=856  40$uhttp://cudl.lib.cam.ac.uk/view/PR-11451-EE-00039-00023$yCambridge Digital Library
=859  \\$aXLD$bCambridge Digital Library
=CAT  \\$aWR14_159$b00$c20141016$lBLL01$h1656
=CAT  \\$aWR14_181$c20150323$lBLL01$h1403
=CAT  \\$aW1606-1753$c20171028$lBLL01$h1604
=SRC  \\$aBLWrongdoing
=LAS  \\$aW1606-1753$b00$c20171028$lBLL01$h1604

