=LDR  02176 am a2200589 a 4500
=001  016894029
=003  Uk
=005  20130719110854.0
=006  m\\\\||\\d\|\\\\\\
=007  cr\|||||||||||
=008  130719q18191900sp\a\\\\o\\\\\000\0\spa\d
=FMT  \\$a  BK
=040  \\$aUkCU$beng$cUkCU$dUk
=245  00$aEspinela :$b[Nu]eva relacion y curioso romance en que se declara y dá cuenta de lo que sucedió á esta doncella.
=246  30$aNueva relacion y curioso romance en que se declara y dá cuenta de lo que sucedió á esta doncella
=260  \\$aValladolid :$bImprenta de Fernando Santaren,$c[between 1819 and 1900?]
=300  \\$a1 online resource
=336  \\$atext$2rdacontent
=337  \\$acomputer$2rdamedia
=338  \\$aonline resources$2rdacarrier
=500  \\$aText printed in two columns.
=500  \\$aIn verse.
=500  \\$aIllustration incorporated within title.
=500  \\$aCaption title.
=500  \\$aImprint from colophon.
=500  \\$a"(Núm. 67)."
=599  \\$aItem no. T24 in volume 11451.ee.39.$5Uk
=533  \\$aElectronic Reproduction$bLondon$cBritish Library$d2012$nItem no. T24 in volume 11451.ee.39.$5Uk
=650  \0$aBrigands and robbers.
=650  \0$aViolent crimes.
=650  \0$aWomen murderers.
=650  \0$aMistaken identity.
=650  \4$aEspinela (Fictitious character)
=650  \4$aBandoleros.
=650  \4$aDelitos violentos.
=650  \4$aAsesinas.
=650  \4$aFalsificación de identidad.
=653  \1$aEspinela (Personaje ficticio)
=655  \7$aChapbooks$zSpain.$2rbgenr
=662  \\$aSpain$dAntequera$2lcsh-naf
=662  \\$aSpain$dGranada$2lcsh-naf
=662  \\$aSpain$dMarbella$2lcsh-naf
=662  \\$aSpain$dMálaga$2lcsh-naf
=662  \\$aSpain$dCartagena$2lcsh-naf
=752  \\$aSpain$dValladolid.
=856  40$uhttp://cudl.lib.cam.ac.uk/view/PR-11451-EE-00039-00024$yCambridge Digital Library
=859  \\$aXLD$bCambridge Digital Library
=CAT  \\$aWR14_159$b00$c20141016$lBLL01$h1656
=CAT  \\$aWR14_181$c20150323$lBLL01$h1403
=CAT  \\$aW1606-1753$c20171028$lBLL01$h1604
=SRC  \\$aBLWrongdoing
=LAS  \\$aW1606-1753$b00$c20171028$lBLL01$h1604

