=LDR  02475 am a2200505 a 4500
=001  016894031
=003  Uk
=005  20130719112747.0
=006  m\\\\||\\d\|\\\\\\
=007  cr\|||||||||||
=008  130719q18191900sp\a\\\\o\\\\\000\0\spa\d
=FMT  \\$a  BK
=040  \\$aUkCU$beng$cUkCU$dUk
=245  03$aLa mesonera del cielo :$bprimera parte : nuevo y curioso romance [e]n que se refiere la historia de una hermosa doncella [l]lamada la linda deidad de Francia : cuéntanse por [e]stenso los enredos que hubo por ella y como un caba[l]lero, por gozarla, hizo pacto con el demonio de entregarle su alma : con lo demas que verá el lector.
=246  30$aNuevo y curioso romance en que se refiere la historia de una hermosa doncella llamada la linda deidad de Francia
=260  \\$aValladolid :$bImprenta de Fernando Santaren,$c[between 1819 and 1900?]
=300  \\$a1 online resource
=336  \\$atext$2rdacontent
=337  \\$acomputer$2rdamedia
=338  \\$aonline resources$2rdacarrier
=500  \\$aText printed in two columns.
=500  \\$aIn verse.
=500  \\$aTwo separate illustrations incorporated within title; second part with two separate illustrations at head of title.
=500  \\$aCaption title.
=500  \\$aImprint from colophon.
=500  \\$aIn two parts. Part two has title: "Continúanse los sucesos de la linda deidad de Francia [y] se declara como la convirtió un tio suyo y acabó en [u]na penitente y ejemplar vida en la cueva misma que estuvo al principio : con todo lo demas que verá el curioso lector."
=500  \\$a"(Núm. 64.)"
=599  \\$aItem no. T26 in volume 11451.ee.39.$5Uk
=533  \\$aElectronic Reproduction$bLondon$cBritish Library$d2012$nItem no. T26 in volume 11451.ee.39.$5Uk
=650  \0$aCourtship.
=650  \0$aRepentance$xChristianity.
=650  \4$aCortejo amoroso.
=650  \4$aArrepentimiento$xCristianismo.
=650  \4$aDemonio.
=655  \7$aChapbooks$zSpain.$2rbgenr
=662  \\$aFrance$2lcsh-naf
=740  02$aContinúanse los sucesos de la linda deidad de Francia.
=752  \\$aSpain$dValladolid.
=856  40$uhttp://cudl.lib.cam.ac.uk/view/PR-11451-EE-00039-00026$yCambridge Digital Library
=859  \\$aXLD$bCambridge Digital Library
=CAT  \\$aWR14_159$b00$c20141016$lBLL01$h1656
=CAT  \\$aWR14_181$c20150323$lBLL01$h1403
=CAT  \\$aW1606-1753$c20171028$lBLL01$h1604
=SRC  \\$aBLWrongdoing
=LAS  \\$aW1606-1753$b00$c20171028$lBLL01$h1604

