=LDR  02363 am a2200625 a 4500
=001  016894033
=003  Uk
=005  20130719120205.0
=006  m\\\\||\\d\|\\\\\\
=007  cr\|||||||||||
=008  130719q18191900sp\a\\\\o\\\\\000\0\spa\d
=FMT  \\$a  BK
=040  \\$aUkCU$beng$cUkCU$dUk
=245  00$aPedro Cadenas :$bRomance de las valentias de Pedro Cadenas y otros tres soldados de las galeras de España.
=246  30$aRomance de las valentias de Pedro Cadenas y otros tres soldados de las galeras de España
=260  \\$aValladolid :$bImprenta de Fernando Santaren,$c[between 1819 and 1900?]
=300  \\$a1 online resource
=336  \\$atext$2rdacontent
=337  \\$acomputer$2rdamedia
=338  \\$aonline resources$2rdacarrier
=500  \\$aText printed in two columns.
=500  \\$aIn verse.
=500  \\$aIllustration incorporated within title.
=500  \\$aCaption title.
=500  \\$aImprint from colophon.
=500  \\$a"(Núm. 53.)"
=599  \\$aItem no. T28 in volume 11451.ee.39.$5Uk
=533  \\$aElectronic Reproduction$bLondon$cBritish Library$d2012$nItem no. T28 in volume 11451.ee.39.$5Uk
=650  \4$aDiego de Contreras (Fictitious character)
=650  \4$aPedro Cadenas (Fictitious character)
=650  \4$aAlfonso Tellez (Fictitious character)
=650  \4$aCayetano García (Fictitious character)
=650  \0$aWomen$xViolence against.
=650  \0$aRevenge.
=650  \0$aViolent crimes.
=650  \0$aCrimes of passion.
=650  \4$aMujeres$xViolencia contra las.
=650  \4$aVenganza.
=650  \4$aDelitos violentos.
=650  \4$aCrímenes de pasión.
=650  \4$aSoldados.
=653  \1$aDiego de Contreras (Personaje ficticio)
=653  \1$aPedro Cadenas (Personaje ficticio)
=653  \1$aAlfonso Tellez (Personaje ficticio)
=653  \1$aCayetano García (Personaje ficticio)
=655  \7$aChapbooks$zSpain.$2rbgenr
=662  \\$aSpain$dBarcelona$2lcsh-naf
=752  \\$aSpain$dValladolid.
=856  40$uhttp://cudl.lib.cam.ac.uk/view/PR-11451-EE-00039-00028$yCambridge Digital Library
=859  \\$aXLD$bCambridge Digital Library
=CAT  \\$aWR14_159$b00$c20141016$lBLL01$h1656
=CAT  \\$aWR14_181$c20150323$lBLL01$h1403
=CAT  \\$aW1606-1753$c20171028$lBLL01$h1604
=SRC  \\$aBLWrongdoing
=LAS  \\$aW1606-1753$b00$c20171028$lBLL01$h1604

