=LDR  02257 am a2200529 a 4500
=001  016894034
=003  Uk
=005  20130904141524.0
=006  m\\\\||\\d\|\\\\\\
=007  cr\|||||||||||
=008  130719q18191900sp\a\\\\o\\\\\000\0\spa\d
=FMT  \\$a  BK
=040  \\$aUkCU$beng$cUkCU$dUk
=245  00$aNueva relacion y curioso romance, en que se refiere un raro suceso y notable tragedia, que en la ciudad de Antequera les sucedió á dos mancebos muy amigos, el uno llamado Diego de Frias, y el otro Antonio Montero, el cual era casado con una muy hermosa dama :$by como Diego de Frias, habiéndose enamorado de ella, la sacó de su casa y la llevó a Sevilla : y como despues Antonio Montero mató á entrambos.
=260  \\$aValladolid :$bImprenta de Fernando Santaren,$c[between 1819 and 1900?]
=300  \\$a1 online resource
=336  \\$atext$2rdacontent
=337  \\$acomputer$2rdamedia
=338  \\$aonline resources$2rdacarrier
=500  \\$aText printed in two columns.
=500  \\$aIn verse.
=500  \\$aThree separate illustrations at head of title.
=500  \\$aCaption title.
=500  \\$aImprint from colophon.
=500  \\$a"(Núm. 57.)"
=599  \\$aItem no. T29 in volume 11451.ee.39.$5Uk
=533  \\$aElectronic Reproduction$bLondon$cBritish Library$d2012$nItem no. T29 in volume 11451.ee.39.$5Uk
=600  10$aMontero, Antonio,$dactive 19th century.
=600  14$aMontero, Antonio,$dsiglo 19.
=650  \4$aDiego de Frias (Fictitious character)
=650  \0$aAdultery.
=650  \0$aCrimes of passion.
=650  \4$aAdulterio.
=650  \4$aCrímenes de pasión.
=653  \1$aDiego de Frias (Personaje ficticio)
=655  \7$aChapbooks$zSpain.$2rbgenr
=662  \\$aSpain$dAntequera$2lcsh-naf
=662  \\$aSpain$dSeville$2lcsh-naf
=662  \\$aSpain$dCarmona (Seville)$2lcsh-naf
=752  \\$aSpain$dValladolid.
=856  40$uhttp://cudl.lib.cam.ac.uk/view/PR-11451-EE-00039-00029$yCambridge Digital Library
=859  \\$aXLD$bCambridge Digital Library
=CAT  \\$aWR14_159$b00$c20141016$lBLL01$h1656
=CAT  \\$aWR14_181$c20150323$lBLL01$h1403
=CAT  \\$aW1606-1753$c20171028$lBLL01$h1604
=SRC  \\$aBLWrongdoing
=LAS  \\$aW1606-1753$b00$c20171028$lBLL01$h1604

