=LDR  01496 am a2200433 a 4500
=001  016894036
=003  Uk
=005  20130719130347.0
=006  m\\\\||\\d\|\\\\\\
=007  cr\|||||||||||
=008  130719q17981825sp\a\\\\o\\\\\000\0\spa\d
=FMT  \\$a  BK
=040  \\$aUkCU$beng$cUkCU$dUk
=245  00$aRelacion La mas constante muger.
=246  30$aMas constante muger
=260  \\$aEn Córdoba :$bEn la imprenta de Don Luís de Ramos y Coria, calle de Armas,$c[between 1798 and 1825?]
=300  \\$a1 online resource
=336  \\$atext$2rdacontent
=337  \\$acomputer$2rdamedia
=338  \\$aonline resources$2rdacarrier
=500  \\$aText printed in two columns.
=500  \\$aIn verse.
=500  \\$aIllustration at head of title.
=500  \\$aCaption title.
=500  \\$aImprint from colophon.
=500  \\$a"Nùm. 34."
=599  \\$aItem no. T31 in volume 11451.ee.39.$5Uk
=533  \\$aElectronic Reproduction$bLondon$cBritish Library$d2012$nItem no. T31 in volume 11451.ee.39.$5Uk
=650  \0$aLove.
=650  \4$aAmor.
=655  \7$aChapbooks$zSpain.$2rbgenr
=752  \\$aSpain$dCórdoba.
=856  40$uhttp://cudl.lib.cam.ac.uk/view/PR-11451-EE-00039-00031$yCambridge Digital Library
=859  \\$aXLD$bCambridge Digital Library
=CAT  \\$aWR14_159$b00$c20141016$lBLL01$h1656
=CAT  \\$aWR14_181$c20150323$lBLL01$h1403
=CAT  \\$aW1606-1753$c20171028$lBLL01$h1604
=SRC  \\$aBLWrongdoing
=LAS  \\$aW1606-1753$b00$c20171028$lBLL01$h1604

