=LDR  01699 am a2200445 a 4500
=001  016894038
=003  Uk
=005  20130719131406.0
=006  m\\\\||\\d\|\\\\\\
=007  cr\|||||||||||
=008  130719q17991850sp\\\\\\o\\\\\000\0\spa\\
=FMT  \\$a  BK
=040  \\$aUkCU$beng$cUkCU$dUk
=043  \\$ae-sp---
=245  00$aJuicio imparcial ó difinicion critica El carácter de los naturales de las provincias de España :$ben el que se espresan las condiciones de cada una : décimas.
=246  30$aCarácter de los naturales de las provincias de España
=260  \\$a[S.l. :$bs.n.,$cbetween 1799 and 1850?]
=300  \\$a1 online resource
=336  \\$atext$2rdacontent
=337  \\$acomputer$2rdamedia
=338  \\$aonline resources$2rdacarrier
=500  \\$aText printed in two columns.
=500  \\$aIn verse.
=500  \\$aCaption title.
=500  \\$a"(Núm. 41.)"
=599  \\$aItem no. T33 in volume 11451.ee.39.$5Uk
=533  \\$aElectronic Reproduction$bLondon$cBritish Library$d2012$nItem no. T33 in volume 11451.ee.39.$5Uk
=650  \0$aSpain$xAdministrative and political divisions.
=650  \0$aSongs, Spanish$vTexts.
=650  \4$aEspaña$xDivisiones territoriales.
=653  \0$aCanciones españolas--Textos.
=655  \7$aChapbooks$zSpain.$2rbgenr.
=662  \\$aSpain$2lcsh-naf
=856  40$uhttp://cudl.lib.cam.ac.uk/view/PR-11451-EE-00039-00033$yCambridge Digital Library
=859  \\$aXLD$bCambridge Digital Library
=CAT  \\$aWR14_159$b00$c20141016$lBLL01$h1656
=CAT  \\$aWR14_181$c20150323$lBLL01$h1403
=CAT  \\$aW1606-1753$c20171028$lBLL01$h1604
=SRC  \\$aBLWrongdoing
=LAS  \\$aW1606-1753$b00$c20171028$lBLL01$h1604

