=LDR  02463 am a2200529 a 4500
=001  016894039
=003  Uk
=005  20130719132236.0
=006  m\\\\||\\d\|\\\\\\
=007  cr\|||||||||||
=008  130719q18191900sp\a\\\\o\\\\\000\0\spa\d
=FMT  \\$a  BK
=040  \\$aUkCU$beng$cUkCU$dUk
=245  00$aDoña Francisca La cautiva :$b[C]uriosa relacion en que se refiere un portentoso milagro que ha obrado la Vírgen Santísima del Carmen con una señora viuda que navegaba de Nápoles á Roma con tres hijos pequeños : declarase como fueron cautivos de los turcos y como los libertó María Santísima : primera parte.
=246  30$aCuriosa relacion en que se refiere un portentoso milagro que ha obrado la Vírgen Santísima del Carmen con una señora viuda
=260  \\$aValladolid :$bImprenta de Fernando Santaren,$c[between 1819 and 1900?]
=300  \\$a1 online resource
=336  \\$atext$2rdacontent
=337  \\$acomputer$2rdamedia
=338  \\$aonline resources$2rdacarrier
=500  \\$aText printed in two columns.
=500  \\$aIn verse.
=500  \\$aThree separate illustrations incorporated within title; second part with additional illustration at head of title.
=500  \\$aCaption title.
=500  \\$aImprint from colophon.
=500  \\$aIn two parts. Part two has title: "Segunda parte de la historia de Doña Francisca La cautiva."
=500  \\$a"(Núm. 42.)"
=599  \\$aItem no. T34 in volume 11451.ee.39.$5Uk
=533  \\$aElectronic Reproduction$bLondon$cBritish Library$d2012$nItem no. T34 in volume 11451.ee.39.$5Uk
=600  10$aEspiritu Santo, María del Carmen del$xApparitions and miracles.
=600  14$aEspiritu Santo, María del Carmen del$xApariciones y milagros.
=650  \0$aWomen$xAbuse of.
=650  \0$aWidows.
=650  \4$aMujeres$xAbuso de.
=650  \4$aMujeres viudas
=650  \4$aCautivos.
=655  \7$aChapbooks$zSpain.$2rbgenr
=740  02$aSegunda parte de la historia de Doña Francisca La cautiva.
=752  \\$aSpain$dValladolid.
=856  40$uhttp://cudl.lib.cam.ac.uk/view/PR-11451-EE-00039-00034$yCambridge Digital Library
=859  \\$aXLD$bCambridge Digital Library
=CAT  \\$aWR14_159$b00$c20141016$lBLL01$h1656
=CAT  \\$aBATCH-UPD$b00$c20141016$lBLL01$h1708
=CAT  \\$aWR14_181$c20150323$lBLL01$h1403
=CAT  \\$aW1606-1753$c20171028$lBLL01$h1604
=SRC  \\$aBLWrongdoing
=LAS  \\$aW1606-1753$b00$c20171028$lBLL01$h1604

