=LDR  02584 am a2200541 a 4500
=001  016894041
=003  Uk
=005  20130719164537.0
=006  m\\\\||\\d\|\\\\\\
=007  cr\|||||||||||
=008  130719q18191900sp\a\\\\o\\\\\000\0\spa\d
=FMT  \\$a  BK
=040  \\$aUkCU$beng$cUkCU$dUk
=245  00$aDionisia Perez Losada :$bNueva relacion y curioso romance en que se da cuenta del castigo que Dios Ntro. Señor ha mandado hacer con un caballero por levantar un falso testimonio á una doncella : Refiérese como le despedazaron cuatro demonios, y como la doncella se vió libre de los engaños del demonio por ser devota de la Virgen del Pilar y los santos Evangelios : caso sucedido en Zaragoza : primera parte.
=246  30$aNueva relacion y curioso romance en que se da cuenta del castigo que Dios Ntro. Señor ha mandado hacer con un caballero
=260  \\$aCon licencia en Valladolid :$bImprenta de F. Santaren,$c[between 1819 and 1900?]
=300  \\$a1 online resource
=336  \\$atext$2rdacontent
=337  \\$acomputer$2rdamedia
=338  \\$aonline resources$2rdacarrier
=500  \\$aText printed in two columns.
=500  \\$aIn verse.
=500  \\$aTwo separate illustrations incorporated within title.
=500  \\$aCaption title.
=500  \\$aImprint from colophon.
=500  \\$aIn two parts. Part two has title: "Segunda parte de lo que sucedió a Dionisia Perez Losada y el fin que tuvo aquel mal caballero."
=500  \\$a"(Núm. 46.)"
=599  \\$aItem no. T36 in volume 11451.ee.39.$5Uk
=533  \\$aElectronic Reproduction$bLondon$cBritish Library$d2012$nItem no. T36 in volume 11451.ee.39.$5Uk
=600  00$aJesus Christ$xDevotion to.
=600  04$aJesucristo$xDevoción a.
=650  \4$aDionisia Perez Losada (Fictitious character)
=650  \0$aJudgment of God.
=650  \0$aChristianity and justice.
=650  \4$aDemonio.
=653  \1$aDionisia Perez Losada (Personaje ficticio)
=653  \0$aJusticia divina.
=655  \7$aChapbooks$zSpain.$2rbgenr
=662  \\$aSpain$dZaragoza$2lcsh-naf
=740  02$aSegunda parte de lo que sucedió a Dionisia Perez Losada y el fin que tuvo aquel mal caballero.
=752  \\$aSpain$dValladolid.
=856  40$uhttp://cudl.lib.cam.ac.uk/view/PR-11451-EE-00039-00036$yCambridge Digital Library
=859  \\$aXLD$bCambridge Digital Library
=CAT  \\$aWR14_159$b00$c20141016$lBLL01$h1656
=CAT  \\$aWR14_181$c20150323$lBLL01$h1403
=CAT  \\$aW1606-1753$c20171028$lBLL01$h1604
=SRC  \\$aBLWrongdoing
=LAS  \\$aW1606-1753$b00$c20171028$lBLL01$h1604

