=LDR  01596 am a2200433 a 4500
=001  016894043
=003  Uk
=005  20130719135326.0
=006  m\\\\||\\d\|\\\\\\
=007  cr\|||||||||||
=008  130719q18081814sp\\\\\\o\\\\\000\0\spa\d
=FMT  \\$a  BK
=040  \\$aUkCU$beng$cUkCU$dUk
=245  00$aRelacion burlesca :$bEl doctor de los embustes y bachiller de trapazas.
=246  30$aDoctor de los embustes y el bachiller de trapazas
=260  \\$aCon licencia en Córdoba :$bEn la imprenta de Don Rafa[el] Garcia Rodriguez, calle de la Librería,$c[between 1808 and 1814?]
=300  \\$a1 online resource
=336  \\$atext$2rdacontent
=337  \\$acomputer$2rdamedia
=338  \\$aonline resources$2rdacarrier
=500  \\$aText printed in two columns.
=500  \\$aIn verse.
=500  \\$aCaption title.
=500  \\$aImprint from colophon.
=500  \\$aIn two parts.
=500  \\$a"Núm. 97."
=599  \\$aItem no. T38 in volume 11451.ee.39.$5Uk
=533  \\$aElectronic Reproduction$bLondon$cBritish Library$d2012$nItem no. T38 in volume 11451.ee.39.$5Uk
=650  \0$aSatire, Spanish
=650  \4$aSátira española.
=655  \7$aChapbooks$zSpain.$2rbgenr
=752  \\$aSpain$dCórdoba.
=856  40$uhttp://cudl.lib.cam.ac.uk/view/PR-11451-EE-00039-00038$yCambridge Digital Library
=859  \\$aXLD$bCambridge Digital Library
=CAT  \\$aWR14_159$b00$c20141016$lBLL01$h1656
=CAT  \\$aWR14_181$c20150323$lBLL01$h1403
=CAT  \\$aW1606-1753$c20171028$lBLL01$h1604
=SRC  \\$aBLWrongdoing
=LAS  \\$aW1606-1753$b00$c20171028$lBLL01$h1604

