=LDR  02302 am a2200493 a 4500
=001  016894044
=003  Uk
=005  20130719165122.0
=006  m\\\\||\\d\|\\\\\\
=007  cr\|||||||||||
=008  130719q18191900sp\a\\\\o\\\\\000\0\spa\d
=FMT  \\$a  BK
=040  \\$aUkCU$beng$cUkCU$dUk
=245  00$aLisardo el estudiante :$bNueva relacion en que se declaran los lances de amor, miedos y sobresaltos que acaecieron á este caballero, natural de la ciudad de Córdoba, y á doña Teodora, de la de Salamanca : primera parte.
=246  30$aNueva relacion en que se declaran los lances de amor, miedos y sobresaltos que acaecieron á este caballero
=260  \\$aValladolid :$bImprenta de Fernando Santaren,$c[between 1819 and 1900?]
=300  \\$a1 online resource
=336  \\$atext$2rdacontent
=337  \\$acomputer$2rdamedia
=338  \\$aonline resources$2rdacarrier
=500  \\$aText printed in two columns.
=500  \\$aIn verse.
=500  \\$aTwo separate illustrations at head of title.
=500  \\$aCaption title.
=500  \\$aImprint from colophon.
=500  \\$aIn two parts. Part two has title: "Segunda parte, que refiere como iba Lisardo [á] sacar del convento á doña Teodora, y viendo hacer sus propias exequias, se retiró á hacer penitencia."
=500  \\$a"(Núm. 97.)"
=599  \\$aItem no. T39 in volume 11451.ee.39.$5Uk
=533  \\$aElectronic Reproduction$bLondon$cBritish Library$d2012$nItem no. T39 in volume 11451.ee.39.$5Uk
=650  \0$aMan-woman relationships.
=650  \4$aRelaciones hombre-mujer.
=650  \4$aEstudiantes.
=655  \7$aChapbooks$zSpain.$2rbgenr
=662  \\$aSpain$dCórdoba$2lcsh-naf
=662  \\$aSpain$dSalamanca$2lcsh-naf
=740  02$aSegunda parte, que refiere como iba Lisardo á sacar del convento á doña Teodora, y viendo hacer sus propias exequias, se retiró á hacer penitencia.
=752  \\$aSpain$dValladolid.
=856  40$uhttp://cudl.lib.cam.ac.uk/view/PR-11451-EE-00039-00039$yCambridge Digital Library
=859  \\$aXLD$bCambridge Digital Library
=CAT  \\$aWR14_159$b00$c20141016$lBLL01$h1656
=CAT  \\$aWR14_181$c20150323$lBLL01$h1403
=CAT  \\$aW1606-1753$c20171028$lBLL01$h1604
=SRC  \\$aBLWrongdoing
=LAS  \\$aW1606-1753$b00$c20171028$lBLL01$h1604

