=LDR  02162 am a2200529 a 4500
=001  016894045
=003  Uk
=005  20130812125138.0
=006  m\\\\||\\d\|\\\\\\
=007  cr\|||||||||||
=008  130719s1822\\\\sp\a\\\\o\\\\\000\0\spa\\
=FMT  \\$a  BK
=040  \\$aUkCU$beng$cUkCU$dUk
=245  00$aDe Blas de Leon :$bVerdadera relacion de un riguroso castigo que egecutaron los moros de Argél con un cautivo natural de la villa de Ontiveros : dase cuenta como fue clavado en diez escarpias, donde estuvo tres dias vivo, predicando la fe de Jesucristo : con lo demas que verá el curioso.
=246  30$aVerdadera relacion de un riguroso castigo que egecutaron los moros de Argél con un cautivo natural de la villa de Ontiveros
=260  \\$aValencia :$bImprenta de la Hija de Agustin Laborda,$cAño 1822.
=300  \\$a1 online resource
=336  \\$atext$2rdacontent
=337  \\$acomputer$2rdamedia
=338  \\$aonline resources$2rdacarrier
=500  \\$aText printed in two columns.
=500  \\$aIn verse.
=500  \\$aThree separate illustrations at head of title.
=500  \\$aCaption title.
=500  \\$aImprint from colophon.
=500  \\$a"Núm. 92."
=599  \\$aItem no. T40 in volume 11451.ee.39.$5Uk
=533  \\$aElectronic Reproduction$bLondon$cBritish Library$d2012$nItem no. T40 in volume 11451.ee.39.$5Uk
=650  \0$aAtrocities.
=650  \0$aMurder.
=650  \4$aAtrocidades.
=650  \4$aAsesinato.
=650  \4$aBlas de Leon (Fictitious character)
=650  \4$aCautivos.
=653  1\$aBlas de Leon (Personaje ficticio)
=662  \\$aSpain$dMálaga$2lcsh-naf
=662  \\$aAlgeria$2lcsh-naf
=655  \7$aChapbooks$zSpain.$2rbgenr
=700  0\$aHija de Agustín Laborda,$eprinter.$5Uk
=752  \\$aSpain$dValencia.
=856  40$uhttp://cudl.lib.cam.ac.uk/view/PR-11451-EE-00039-00040$yCambridge Digital Library
=859  \\$aXLD$bCambridge Digital Library
=CAT  \\$aWR14_159$b00$c20141016$lBLL01$h1656
=CAT  \\$aWR14_181$c20150323$lBLL01$h1403
=CAT  \\$aW1606-1753$c20171028$lBLL01$h1604
=SRC  \\$aBLWrongdoing
=LAS  \\$aW1606-1753$b00$c20171028$lBLL01$h1604

