=LDR  02051 am a2200517 a 4500
=001  016894049
=003  Uk
=005  20130719172704.0
=006  m\\\\||\\d\|\\\\\\
=007  cr\|||||||||||
=008  130719q18191900sp\a\\\\o\\\\\000\0\spa\\
=FMT  \\$a  BK
=040  \\$aUkCU$beng$cUkCU$dUk
=245  04$aLos judios de Llerena :$bNueva relacion y verdadero romance en que se da cuenta de los hechos y atrozidades que egecutaron seis judios y cinco judias en la ciudad de Llerena, sacrificando á cuatro mártires niños, dos religiosos y una muger : con lo demas que verá el curioso lector.
=246  30$aNueva relacion y verdadero romance en que se da cuenta de los hechos y atrozidades que egecutaron seis judios y cinco judias
=260  \\$aValladolid :$bImprenta de Santaren,$c[between 1819 and 1900?]
=300  \\$a1 online resource
=336  \\$atext$2rdacontent
=337  \\$acomputer$2rdamedia
=338  \\$aonline resources$2rdacarrier
=500  \\$aText printed in two columns.
=500  \\$aIn verse.
=500  \\$aThree separate illustrations at head of title.
=500  \\$aCaption title.
=500  \\$aImprint from colophon.
=500  \\$a"(Núm. 86.)"
=599  \\$aItem no. T44 in volume 11451.ee.39.$5Uk
=533  \\$aElectronic Reproduction$bLondon$cBritish Library$d2012$nItem no. T44 in volume 11451.ee.39.$5Uk
=650  \0$aJews.
=650  \0$aAtrocities.
=650  \0$aInfanticide.
=650  \0$aSacrifice.
=650  \4$aJudíos.
=650  \4$aAtrocidades.
=650  \4$aInfanticidio.
=650  \4$aSacrificio.
=655  \7$aChapbooks$zSpain.$2rbgenr
=662  \\$aSpain$dLlerena$2lcsh-naf
=752  \\$aSpain$dValladolid.
=856  40$uhttp://cudl.lib.cam.ac.uk/view/PR-11451-EE-00039-00044$yCambridge Digital Library
=859  \\$aXLD$bCambridge Digital Library
=CAT  \\$aWR14_159$b00$c20141016$lBLL01$h1656
=CAT  \\$aWR14_181$c20150323$lBLL01$h1403
=CAT  \\$aW1606-1753$c20171028$lBLL01$h1604
=SRC  \\$aBLWrongdoing
=LAS  \\$aW1606-1753$b00$c20171028$lBLL01$h1604

