=LDR  02234 am a2200553 a 4500
=001  016894050
=003  Uk
=005  20130722094514.0
=006  m\\\\||\\d\|\\\\\\
=007  cr\|||||||||||
=008  130722q18191900sp\a\\\\o\\\\\000\0\spa\d
=FMT  \\$a  BK
=040  \\$aUkCU$beng$cUkCU$dUk
=245  00$aSebastiana del Castillo :$bNuevo y curioso romance en que se declara las atrocidades de Sebastiana del Castillo : refierese como mató á sus padres y á dos hermanos, porque la tuvieron encerrada mas de un año, guardándola de su amante, y el castigo que en ella se ejecutó en Ciudad-Rodrigo, y lo demas que verá el curioso lector : primera parte.
=246  30$aNuevo y curioso romance en que se declara las atrocidades de Sebastiana del Castillo
=260  \\$aValladolid :$bImprenta de Santaren,$c[between 1819 and 1900?]
=300  \\$a1 online resource
=336  \\$atext$2rdacontent
=337  \\$acomputer$2rdamedia
=338  \\$aonline resources$2rdacarrier
=500  \\$aText printed in two columns.
=500  \\$aIn verse.
=500  \\$aIllustration incorporated within title.
=500  \\$aCaption title.
=500  \\$aImprint from colophon.
=500  \\$aIn two parts.
=500  \\$a"(Núm. 77.)"
=599  \\$aItem no. T46 in volume 11451.ee.39.$5Uk
=533  \\$aElectronic Reproduction$bLondon$cBritish Library$d2012$nItem no. T46 in volume 11451.ee.39.$5Uk
=650  \4$aSebastiana del Castillo (Fictitious character)
=650  \0$aAtrocities.
=650  \0$aFratricide.
=650  \0$aParricide.
=650  \0$aRevenge.
=650  \4$aAtrocidades.
=650  \4$aFratricidio.
=650  \4$aParricidio.
=650  \4$aVenganza.
=653  \1$aSebastiana del Castillo (Personaje ficticio)
=655  \7$aChapbooks$zSpain.$2rbgenr
=662  \\$aSpain$dCiudad-Rodrigo$2lcsh-naf
=752  \\$aSpain$dValladolid.
=856  40$uhttp://cudl.lib.cam.ac.uk/view/PR-11451-EE-00039-00046$yCambridge Digital Library
=859  \\$aXLD$bCambridge Digital Library
=CAT  \\$aWR14_159$b00$c20141016$lBLL01$h1656
=CAT  \\$aWR14_181$c20150323$lBLL01$h1403
=CAT  \\$aW1606-1753$c20171028$lBLL01$h1604
=SRC  \\$aBLWrongdoing
=LAS  \\$aW1606-1753$b00$c20171028$lBLL01$h1604

