=LDR  02460 am a2200529 a 4500
=001  016894051
=003  Uk
=005  20140530130922.0
=006  m\\\\||\\d\|\\\\\\
=007  cr\|||||||||||
=008  130722q18191900sp\a\\\\o\\\\\000\0\spa\\
=FMT  \\$a  BK
=040  \\$aUkCU$beng$cUkCU$dUk
=245  00$aDon Rodulfo de Pedrajas :$bNueva y curiosa relacion en que se da cuenta y declara los valerosos hechos y aventuras de fortuna que le sucedieron á don Rodulfo de Pedrajas, natural de Morales del Rey, y como S. M. (que Dios guarde) le premió por sus distinguidas hazañas : primera parte.
=246  3\$aNueva y curiosa relacion en que se da cuenta y declara los valerosos hechos y aventuras de fortuna que le sucedieron á don Rodulfo de Pedrajas
=260  \\$aValladolid :$bImprenta de Fernando Santaren,$c[between 1819 and 1900?]
=300  \\$a1 online resource
=336  \\$atext$2rdacontent
=337  \\$acomputer$2rdamedia
=338  \\$aonline resources$2rdacarrier
=500  \\$aText printed in two columns.
=500  \\$aIn verse.
=500  \\$aTwo separate illustrations incorporated within title; second part with two additional illustrations incorporated within title.
=500  \\$aCaption title.
=500  \\$aImprint from colophon.
=500  \\$aIn two parts.
=500  \\$aWoodcut ornament (device?) at end of first and second part.
=500  \\$a"(Núm. 73.)"
=599  \\$aItem no. T47 in volume 11451.ee.39.$5Uk
=599  \\$aLibrary copy has pages 3-4 of pt. 1 bound after end of pt. 2.$5Uk
=533  \\$aElectronic Reproduction$bLondon$cBritish Library$d2012$nItem no. T47 in volume 11451.ee.39.$nLibrary copy has pages 3-4 of pt. 1 bound after end of pt. 2.$5Uk
=650  \0$aBrigands and robbers.
=650  \4$aBandoleros.
=650  \4$aRodulfo de Pedrajas (Fictitious character)
=653  \1$aRodulfo de Pedrajas (Personaje ficticio)
=655  \7$aChapbooks$zSpain.$2rbgenr
=662  \\$aSpain$dZaragoza$2lcsh-naf
=662  \\$aSpain$dSeville$2lcsh-naf
=662  \\$aSpain$bCatalonia$2lcsh-naf
=752  \\$aSpain$dValladolid.
=856  40$uhttp://cudl.lib.cam.ac.uk/view/PR-11451-EE-00039-00047$yCambridge Digital Library
=859  \\$aXLD$bCambridge Digital Library
=CAT  \\$aWR14_159$b00$c20141016$lBLL01$h1656
=CAT  \\$aWR14_181$c20150323$lBLL01$h1403
=CAT  \\$aW1606-1753$c20171028$lBLL01$h1604
=SRC  \\$aBLWrongdoing
=LAS  \\$aW1606-1753$b00$c20171028$lBLL01$h1604

