=LDR  01949 am a2200493 a 4500
=001  016894058
=003  Uk
=005  20130722104434.0
=006  m\\\\||\\d\|\\\\\\
=007  cr\|||||||||||
=008  130722q18191900sp\a\\\\o\\\\\000\0\spa\d
=FMT  \\$a  BK
=040  \\$aUkCU$beng$cUkCU$dUk
=245  00$a[N]ueva relacion y lastimoso romance en [qu]e se refiere la crueldad que ejecutó una muger con su marido, dándole [cruel?] muerte, sacándole la asadura, friéndola en aceite y dándola á comer [á] un cuñado suyo, y el rigoroso castigo que la Magestad Suprema ejecutó con esta infeliz muger :$bcon lo demas que verá el lector.
=260  \\$aValladolid :$bImprenta de Fernando Santaren,$c[between 1819 and 1900?]
=300  \\$a1 online resource
=336  \\$atext$2rdacontent
=337  \\$acomputer$2rdamedia
=338  \\$aonline resources$2rdacarrier
=500  \\$aText printed in two columns.
=500  \\$aIn verse.
=500  \\$aThree separate illustrations at head of title.
=500  \\$aCaption title.
=500  \\$aImprint from colophon.
=500  \\$a"(Núm. 104.)"
=599  \\$aItem no. T53 in volume 11451.ee.39.$5Uk
=533  \\$aElectronic Reproduction$bLondon$cBritish Library$d2012$nItem no. T53 in volume 11451.ee.39.$5Uk
=650  \0$aAtrocities.
=650  \0$aWomen murderers.
=650  \0$aMurder.
=650  \4$aAtrocidades.
=650  \4$aAsesinas.
=650  \4$aAsesinato.
=650  \4$aDemonio.
=655  \7$aChapbooks$zSpain.$2rbgenr
=662  \\$aSpain$dCantillana$2lcsh-naf
=752  \\$aSpain$dValladolid.
=856  40$uhttp://cudl.lib.cam.ac.uk/view/PR-11451-EE-00039-00053$yCambridge Digital Library
=859  \\$aXLD$bCambridge Digital Library
=CAT  \\$aWR14_159$b00$c20141016$lBLL01$h1656
=CAT  \\$aWR14_181$c20150323$lBLL01$h1403
=CAT  \\$aW1606-1753$c20171028$lBLL01$h1604
=SRC  \\$aBLWrongdoing
=LAS  \\$aW1606-1753$b00$c20171028$lBLL01$h1604

