=LDR  01585 am a2200445 a 4500
=001  016894059
=003  Uk
=005  20131213153938.0
=006  m\\\\||\\d\|\\\\\\
=007  cr\|||||||||||
=008  130722q18011850sp\a\\\\o\\\\\000\0\spa\\
=FMT  \\$a  BK
=040  \\$aUkCU$beng$cUkCU$dUk
=245  00$aHazañas y atrocidades del Dios Baco.
=260  \\$aCon licencia en Córdoba :$bEn la imprenta de D. Rafael Garcia Rodriguez, calle de la Libreria,$c[between 1801 and 1850?]
=300  \\$a1 online resource
=336  \\$atext$2rdacontent
=337  \\$acomputer$2rdamedia
=338  \\$aonline resources$2rdacarrier
=500  \\$aText printed in two columns.
=500  \\$aIn verse.
=500  \\$aTwo separate illustrations at head of title.
=500  \\$aCaption title.
=500  \\$aImprint from colophon.
=500  \\$a"Núm. 100."
=599  \\$aItem no. T54 in volume 11451.ee.39.$5Uk
=533  \\$aElectronic Reproduction$bLondon$cBritish Library$d2012$nItem no. T54 in volume 11451.ee.39.$5Uk
=650  \0$aSatire, Spanish.
=650  \0$aWine and wine making.
=650  \4$aSátira española.
=650  \0$aVino.
=655  \7$aChapbooks$zSpain.$2rbgenr
=752  \\$aSpain$dCórdoba.
=856  40$uhttp://cudl.lib.cam.ac.uk/view/PR-11451-EE-00039-00054$yCambridge Digital Library
=859  \\$aXLD$bCambridge Digital Library
=CAT  \\$aWR14_159$b00$c20141016$lBLL01$h1656
=CAT  \\$aWR14_181$c20150323$lBLL01$h1403
=CAT  \\$aW1606-1753$c20171028$lBLL01$h1604
=SRC  \\$aBLWrongdoing
=LAS  \\$aW1606-1753$b00$c20171028$lBLL01$h1604

