=LDR  02565 am a2200565 a 4500
=001  016894060
=003  Uk
=005  20130722111557.0
=006  m\\\\||\\d\|\\\\\\
=007  cr\|||||||||||
=008  130722q18191900sp\a\\\\o\\\\\000\0\spa\d
=FMT  \\$a  BK
=040  \\$aUkCU$beng$cUkCU$dUk
=245  00$aDespedida de Madrid .
=246  30$a[Xa]cara divertida y chistosa en que se refiere [la m]elancólica y llorosa despedida que hizo de todos los barrios, pla[zas] y plazuelas, calles, casas, vecinos y personas de la coronada villa de [Ma]drid un caballero majo del Barquillo llamado Paño Pardo, cuan[do] fué á servir al rey nuestro señor en los presidios de África, por haber sido suelto de huesos y ligero de sangre :$bcon todo lo demas que verá el curioso lector.
=260  \\$aValladolid :$bImprenta de Fernando Santaren,$c[between 1819 and 1900?]
=300  \\$a1 online resource
=336  \\$atext$2rdacontent
=337  \\$acomputer$2rdamedia
=338  \\$aonline resources$2rdacarrier
=500  \\$aText printed in two columns.
=500  \\$aIn verse.
=500  \\$aIllustration incorporated within title.
=500  \\$aCaption title.
=500  \\$aImprint from colophon.
=500  \\$aIn two parts. Part two has title: "Carta que envió desde Oran á esta corte Paño Pardo á su amigo Perico Pata Gorda, amonestándole que no se case."
=500  \\$a"(Núm. 121)"
=599  \\$aItem no. T55 in volume 11451.ee.39.$5Uk
=533  \\$aElectronic Reproduction$bLondon$cBritish Library$d2012$nItem no. T55 in volume 11451.ee.39.$5Uk
=650  \0$aMarriage.
=650  \0$aSatire, Spanish.
=650  \0$aWomen$xConduct of life.
=650  \4$aMatrimonio.
=650  \4$aSátira española.
=650  \4$aMujeres$xConducta de vida.
=650  \4$aPaño-Pardo (Fictitious character)
=651  \0$aMadrid (Spain)
=651  \4$aMadrid (España)
=653  \1$aPaño-Pardo (Personaje ficticio)
=655  \7$aChapbooks$zSpain.$2rbgenr
=662  \\$aSpain$dMadrid$2lcsh-naf
=740  02$aCarta que envió desde Oran á esta corte Paño Pardo á su amigo Perico Pata Gorda, amonestándole que no se case.
=752  \\$aSpain$dValladolid.
=856  40$uhttp://cudl.lib.cam.ac.uk/view/PR-11451-EE-00039-00055$yCambridge Digital Library
=859  \\$aXLD$bCambridge Digital Library
=CAT  \\$aWR14_159$b00$c20141016$lBLL01$h1656
=CAT  \\$aWR14_181$c20150323$lBLL01$h1403
=CAT  \\$aW1606-1753$c20171028$lBLL01$h1604
=SRC  \\$aBLWrongdoing
=LAS  \\$aW1606-1753$b00$c20171028$lBLL01$h1604

