=LDR  01510 am a2200433 a 4500
=001  016894064
=003  Uk
=005  20130722122204.0
=006  m\\\\||\\d\|\\\\\\
=007  cr\|||||||||||
=008  130722q18191900sp\a\\\\o\\\\\000\0\spa\d
=FMT  \\$a  BK
=040  \\$aUkCU$beng$cUkCU$dUk
=245  00$aNueva cancion de la chismosa.
=246  30$aChismosa
=260  \\$aCon licencia en Valladolid :$bImprenta de Fernando Santaren,$c[between 1819 and 1900?]
=300  \\$a1 online resource
=336  \\$atext$2rdacontent
=337  \\$acomputer$2rdamedia
=338  \\$aonline resources$2rdacarrier
=500  \\$aText printed in two columns.
=500  \\$aIn verse.
=500  \\$aIllustration at head of title.
=500  \\$aCaption title.
=500  \\$aImprint from colophon.
=500  \\$a"(Núm. 134.)"
=599  \\$aItem no. T59 in volume 11451.ee.39.$5Uk
=533  \\$aElectronic Reproduction$bLondon$cBritish Library$d2012$nItem no. T59 in volume 11451.ee.39.$5Uk
=655  \7$aChapbooks$zSpain.$2rbgenr
=650  \0$aSongs, Spanish$vTexts.
=653  \0$aCanciones españolas--Textos.
=752  \\$aSpain$dValladolid.
=856  40$uhttp://cudl.lib.cam.ac.uk/view/PR-11451-EE-00039-00059$yCambridge Digital Library
=859  \\$aXLD$bCambridge Digital Library
=CAT  \\$aWR14_159$b00$c20141016$lBLL01$h1656
=CAT  \\$aWR14_181$c20150323$lBLL01$h1403
=CAT  \\$aW1606-1753$c20171028$lBLL01$h1604
=SRC  \\$aBLWrongdoing
=LAS  \\$aW1606-1753$b00$c20171028$lBLL01$h1604

