=LDR  01926 am a2200457 a 4500
=001  016894068
=003  Uk
=005  20130722141115.0
=006  m\\\\||\\d\|\\\\\\
=007  cr\|||||||||||
=008  130722q17501850sp\a\\\\o\\\\\000\0\spa\d
=FMT  \\$a  BK
=040  \\$aUkCU$beng$cUkCU$dUk
=245  00$aNuevo y curioso romance en el que se declara la maldad que ejecutó una jóven en la ciudad del Ferrol, la cual estando amancebada con un caballero perdió su honor :$bquiso salvar al causante culpando á otro que estaba inocente, queriendo que la justicia le obligase á casar con ella, y para que la creyeran se echó un juramento á sí misma, el cual la comprehendió y fué castigada por la Divina Omnipotencia.
=260  \\$a[S.l. :$bs.n.,$cbetween 1750 and 1850?]
=300  \\$a1 online resource
=336  \\$atext$2rdacontent
=337  \\$acomputer$2rdamedia
=338  \\$aonline resources$2rdacarrier
=500  \\$aText printed in two columns.
=500  \\$aIn verse.
=500  \\$aTwo separate llustrations at head of title.
=500  \\$aCaption title.
=500  \\$aImprint from colophon.
=500  \\$aIn two parts.
=599  \\$aItem no. T63 in volume 11451.ee.39.$5Uk
=533  \\$aElectronic Reproduction$bLondon$cBritish Library$d2012$nItem no. T63 in volume 11451.ee.39.$5Uk
=650  \0$aJudgment of God.
=650  \0$aChristianity and justice.
=650  \0$aDeception.
=650  \4$aEngaño.
=653  \0$aJusticia divina.
=662  \\$aSpain$dFerrol$2lcsh-naf
=655  \7$aChapbooks$zSpain.$2rbgenr
=856  40$uhttp://cudl.lib.cam.ac.uk/view/PR-11451-EE-00039-00063$yCambridge Digital Library
=859  \\$aXLD$bCambridge Digital Library
=CAT  \\$aWR14_159$b00$c20141016$lBLL01$h1656
=CAT  \\$aWR14_181$c20150323$lBLL01$h1403
=CAT  \\$aW1606-1753$c20171028$lBLL01$h1604
=SRC  \\$aBLWrongdoing
=LAS  \\$aW1606-1753$b00$c20171028$lBLL01$h1604

