=LDR  02252 am a2200493 a 4500
=001  016894071
=003  Uk
=005  20130816172805.0
=006  m\\\\||\\d\|\\\\\\
=007  cr\|||||||||||
=008  130722q18191900sp\a\\\\o\\\\\000\0\spa\d
=FMT  \\$a  BK
=040  \\$aUkCU$beng$cUkCU$dUk
=245  03$aEl cautivo de Gerona :$bNueva relacion y copia de una carta que escribio á su padre un hijo, en que le dió á entender los tormentos que padecia en su cautiverio en la ciudad de Argél, como verá el lector : primera parte.
=246  30$aNueva relacion y copia de una carta que escribio á su padre un hijo
=260  \\$aValladolid :$bImprenta de Santaren,$c[between 1819 and 1900?]
=300  \\$a1 online resource
=336  \\$atext$2rdacontent
=337  \\$acomputer$2rdamedia
=338  \\$aonline resources$2rdacarrier
=500  \\$aText printed in two columns.
=500  \\$aIn verse.
=500  \\$aThree separate illustrations incorporated within title; second part with three additional illustrations incorporated within title.
=500  \\$aCaption title.
=500  \\$aImprint from colophon.
=500  \\$a"(Núm. 98.)"
=500  \\$aIn two parts. Part two has title: "El cautivo de Gerona: respuesta que envió el padre a su hijo consolandolo en sus trabajos y de la forma que fue rescatado : segunda parte."
=599  \\$aItem no. T66 in volume 11451.ee.39.$5Uk
=599  \\$aLibrary copy has pt. 2 bound before p. [3-4] of pt. 1.$5UkCU
=533  \\$aElectronic Reproduction$bLondon$cBritish Library$d2012$nItem no. T66 in volume 11451.ee.39.$nLibrary copy has pt. 2 bound before p. [3-4] of pt. 1.$5Uk
=650  \0$aFathers and sons.
=650  \4$aPadres e hijos.
=650  \4$aCautivos.
=655  \7$aChapbooks$zSpain.$2rbgenr
=662  \\$aSpain$dGerona$2lcsh-naf
=662  \\$aAlgeria$2lcsh-naf
=752  \\$aSpain$dValladolid.
=856  40$uhttp://cudl.lib.cam.ac.uk/view/PR-11451-EE-00039-00066$yCambridge Digital Library
=859  \\$aXLD$bCambridge Digital Library
=CAT  \\$aWR14_159$b00$c20141016$lBLL01$h1656
=CAT  \\$aWR14_181$c20150323$lBLL01$h1403
=CAT  \\$aW1606-1753$c20171028$lBLL01$h1604
=SRC  \\$aBLWrongdoing
=LAS  \\$aW1606-1753$b00$c20171028$lBLL01$h1604

