=LDR  01967 am a2200481 a 4500
=001  016894073
=003  Uk
=005  20130722143629.0
=006  m\\\\||\\d\|\\\\\\
=007  cr\|||||||||||
=008  130722q18191900sp\a\\\\o\\\\\000\0\spa\d
=FMT  \\$a  BK
=040  \\$aUkCU$beng$cUkCU$dUk
=245  00$aJuan Lanas :$bCoplas nuevas y divertidas de un hombre trabajador del campo, que viniendo de su trabajo halló á la muger cercana al parto y la casa á oscuras : Refiérese la mala noche que pasó el pobre, y lo demas que verá el lector /$ccompuesta por el Lic. Gorron.
=246  30$aCoplas nuevas y divertidas de un hombre trabajador del campo
=260  \\$aValladolid :$bImprenta de Fernando Santaren,$c[between 1819 and 1900?]
=300  \\$a1 online resource
=336  \\$atext$2rdacontent
=337  \\$acomputer$2rdamedia
=338  \\$aonline resources$2rdacarrier
=500  \\$aText printed in two columns.
=500  \\$aIn verse.
=500  \\$aTwo separate illustrations incorporated within title.
=500  \\$aCaption title.
=500  \\$aImprint from colophon.
=500  \\$a"(Núm. 138.)"
=599  \\$aItem no. T68 in volume 11451.ee.39.$5Uk
=533  \\$aElectronic Reproduction$bLondon$cBritish Library$d2012$nItem no. T68 in volume 11451.ee.39.$5Uk
=650  \0$aSongs, Spanish$vTexts.
=650  \4$aLanas, Juan (Fictitious character)
=650  \0$aChildbirth.
=650  \4$aParto.
=653  \0$aCanciones españolas--Textos.
=653  \1$aLanas, Juan (Personaje ficticio)
=655  \7$aChapbooks$zSpain.$2rbgenr
=752  \\$aSpain$dValladolid.
=856  40$uhttp://cudl.lib.cam.ac.uk/view/PR-11451-EE-00039-00068$yCambridge Digital Library
=859  \\$aXLD$bCambridge Digital Library
=CAT  \\$aWR14_159$b00$c20141016$lBLL01$h1656
=CAT  \\$aWR14_181$c20150323$lBLL01$h1403
=CAT  \\$aW1606-1753$c20171028$lBLL01$h1604
=SRC  \\$aBLWrongdoing
=LAS  \\$aW1606-1753$b00$c20171028$lBLL01$h1604

