=LDR  02001 am a2200517 a 4500
=001  016894079
=003  Uk
=005  20130723095750.0
=006  m\\\\||\\d\|\\\\\\
=007  cr\|||||||||||
=008  130722q18501900sp\a\\\\o\\\\\000\0\spa\d
=FMT  \\$a  BK
=040  \\$aUkCU$beng$cUkCU$dUk
=100  1\$aSan Martín, Antonio de,$d1841-1887.
=245  13$aEl romancero en España.$pJuan de las Viñas :$bhistoria de un provinciano en Madrid.
=246  30$aJuan de las Viñas :$bhistoria de un provinciano en Madrid
=260  \\$aMadrid :$bRomancero en España, Válgame Dios, 4 pral.,$c[between 1850 and 1900?]$f(Establecimiento tipográfico de los Sres. M.P. Montoya y C.a, Caños, 1)
=300  \\$a1 online resource
=336  \\$atext$2rdacontent
=337  \\$acomputer$2rdamedia
=338  \\$aonline resources$2rdacarrier
=500  \\$aText printed in two columns.
=500  \\$aIn verse.
=500  \\$aColoured illustration below title.
=500  \\$aCaption title.
=500  \\$aImprint from colophon.
=500  \\$a"10 centimos de peseta."
=500  \\$aSigned: "Antonio de San Martin."
=599  \\$aItem no. T1 in volume 12330.l.2.$5Uk
=533  \\$aElectronic Reproduction$bLondon$cBritish Library$d2012$nItem no. T1 in volume 12330.l.2.$5Uk
=650  \4$aJuan de las Viñas (Fictitious character)
=650  \0$aCity and town life.
=650  \0$aRural population.
=650  \4$aVida urbana.
=650  \0$aPoblación rural.
=653  \1$aJuan de las Viñas (Personaje ficticio)
=655  \7$aChapbooks$zSpain.$2rbgenr
=662  \\$aSpain$dMadrid$2lcsh-naf
=752  \\$aSpain$dMadrid
=856  40$uhttp://cudl.lib.cam.ac.uk/view/PR-12330-L-00002-00001$yCambridge Digital Library
=859  \\$aXLD$bCambridge Digital Library
=CAT  \\$aWR14_159$b00$c20141016$lBLL01$h1656
=CAT  \\$aWR14_181$c20150323$lBLL01$h1403
=CAT  \\$aW1606-1753$c20171028$lBLL01$h1604
=SRC  \\$aBLWrongdoing
=LAS  \\$aW1606-1753$b00$c20171028$lBLL01$h1604

