=LDR  02004 am a2200505 a 4500
=001  016894085
=003  Uk
=005  20130723095803.0
=006  m\\\\||\\d\|\\\\\\
=007  cr\|||||||||||
=008  130722q18501900sp\a\\\\o\\\\\000\0\spa\d
=FMT  \\$a  BK
=040  \\$aUkCU$beng$cUkCU$dUk
=043  \\$ae-sp---
=100  1\$aOssorio y Bernard, Manuel,$d1839-1904.
=245  13$aEl romancero en España.$pDos de mayo de 1808 :$bheroica defensa del vecindario de Madrid.
=246  30$aDos de mayo de 1808 :$bheroica defensa del vecindario de Madrid.
=260  \\$aMadrid :$bRomancero en España, Válgame Dios, 4 pral.,$c[between 1850 and 1900?]$f(Establecimiento tipográfico de los Sres. M.P. Montoya y C.a, Caños, 1)
=300  \\$a1 online resource
=336  \\$atext$2rdacontent
=337  \\$acomputer$2rdamedia
=338  \\$aonline resources$2rdacarrier
=500  \\$aText printed in two columns.
=500  \\$aIn verse.
=500  \\$aColoured illustration below title.
=500  \\$aCaption title.
=500  \\$aImprint from colophon.
=500  \\$a"10 centimos de peseta."
=500  \\$aSigned: "M. Osorio Bernard."
=599  \\$aItem no. T7 in volume 12330.l.2.$5Uk
=533  \\$aElectronic Reproduction$bLondon$cBritish Library$d2012$nItem no. T7 in volume 12330.l.2.$5Uk
=651  \0$aMadrid (Spain)$xHistory.
=651  \0$aSpain$xHistory$yNapoleonic Conquest, 1808-1813.
=651  \4$aMadrid (España)$xHistoria.
=651  \4$aEspaña$xHistoria$yConquista napoleónica, 1808-1813.
=655  \7$aChapbooks$zSpain.$2rbgenr
=662  \\$aSpain$dMadrid$2lcsh-naf
=752  \\$aSpain$dMadrid.
=856  40$uhttp://cudl.lib.cam.ac.uk/view/PR-12330-L-00002-00007$yCambridge Digital Library
=859  \\$aXLD$bCambridge Digital Library
=CAT  \\$aWR14_159$b00$c20141016$lBLL01$h1656
=CAT  \\$aWR14_181$c20150323$lBLL01$h1403
=CAT  \\$aW1606-1753$c20171028$lBLL01$h1604
=SRC  \\$aBLWrongdoing
=LAS  \\$aW1606-1753$b00$c20171028$lBLL01$h1604

