=LDR  01950 am a2200493 a 4500
=001  016894086
=003  Uk
=005  20130723095816.0
=006  m\\\\||\\d\|\\\\\\
=007  cr\|||||||||||
=008  130722q18501900sp\a\\\\o\\\\\000\0\spa\d
=FMT  \\$a  BK
=040  \\$aUkCU$beng$cUkCU$dUk
=043  \\$ae-sp---
=100  1\$aAlcantara, J. M. de.
=245  13$aEl romancero en España.$pConquista de Granada :$bGarcilaso y Hernan Perez del Pulgar : Zoraida.
=246  30$aConquista de Granada :$bGarcilaso y Hernan Perez del Pulgar
=260  \\$aMadrid :$bRomancero en España, Válgame Dios, 4 pral.,$c[between 1850 and 1900?]$f(Establecimiento tipográfico de los Sres. M.P. Montoya y C.a, Caños, 1)
=300  \\$a1 online resource
=336  \\$atext$2rdacontent
=337  \\$acomputer$2rdamedia
=338  \\$aonline resources$2rdacarrier
=500  \\$aText printed in two columns.
=500  \\$aIn verse.
=500  \\$aColoured illustration below title.
=500  \\$aCaption title.
=500  \\$aImprint from colophon.
=500  \\$a"10 centimos de peseta."
=500  \\$aSigned: "J.M. de Alcántara."
=599  \\$aItem no. T8 in volume 12330.l.2.$5Uk
=533  \\$aElectronic Reproduction$bLondon$cBritish Library$d2012$nItem no. T8 in volume 12330.l.2.$5Uk
=600  10$aPérez del Pulgar, Hernán,$d1451-1531.
=651  \0$aGranada (Spain)$xHistory$ySiege, 1491-1492.
=651  \4$aGranada (España)$xHistoria$ySitio, 1491-1492.
=655  \7$aChapbooks$zSpain.$2rbgenr
=662  \\$aSpain$dGranada$2lcsh-naf
=752  \\$aSpain$dMadrid.
=856  40$uhttp://cudl.lib.cam.ac.uk/view/PR-12330-L-00002-00008$yCambridge Digital Library
=859  \\$aXLD$bCambridge Digital Library
=CAT  \\$aWR14_159$b00$c20141016$lBLL01$h1656
=CAT  \\$aWR14_181$c20150323$lBLL01$h1403
=CAT  \\$aW1606-1753$c20171028$lBLL01$h1604
=SRC  \\$aBLWrongdoing
=LAS  \\$aW1606-1753$b00$c20171028$lBLL01$h1604

