=LDR  01901 am a2200469 a 4500
=001  016894087
=003  Uk
=005  20130723100656.0
=006  m\\\\||\\d\|\\\\\\
=007  cr\|||||||||||
=008  130723s1881\\\\sp\a\\\\o\\\\\000\0\spa\d
=FMT  \\$a  BK
=040  \\$aUkCU$beng$cUkCU$dUk
=245  00$aHistoria de Carlo-Magno y de los doce pares de Francia :$ben ella se refieren las grandes proezas y hazañas de estos muy nobles y forzados caballeros.
=246  17$aHistoria verdadera de Carlo-Magno y los doce pares de Francia
=260  \\$aMadrid :$bDespacho, calle de Juanelo, núm. 19,$c1881.
=300  \\$a1 online resource
=336  \\$atext$2rdacontent
=337  \\$acomputer$2rdamedia
=338  \\$aonline resources$2rdacarrier
=500  \\$aText printed in two columns.
=500  \\$aIn verse.
=500  \\$aIllustration at head of title.
=500  \\$aCaption title.
=500  \\$a"Cuatro pliegos."
=500  \\$aIn eight parts.
=500  \\$a"Noticias biográficas de Cárlo-Magno sacadas de un documento auténtico": p. [32].
=599  \\$aItem no. T9 in volume 12330.l.2.$5Uk
=533  \\$aElectronic Reproduction$bLondon$cBritish Library$d2012$nItem no. T9 in volume 12330.l.2.$5Uk
=600  00$aCharlemagne,$cEmperor,$d742-814$vLegends.
=600  04$aCarlomagno,$cEmperador,$d742-814$vLeyendas.
=655  \7$aChapbooks$zSpain.$2rbgenr
=662  \\$aFrance$2lcsh-naf
=740  02$aNoticias biográficas de Cárlo-Magno sacadas de un documento auténtico.
=752  \\$aSpain$dMadrid.
=856  40$uhttp://cudl.lib.cam.ac.uk/view/PR-12330-L-00002-00009$yCambridge Digital Library
=859  \\$aXLD$bCambridge Digital Library
=CAT  \\$aWR14_159$b00$c20141016$lBLL01$h1656
=CAT  \\$aWR14_181$c20150323$lBLL01$h1403
=CAT  \\$aW1606-1753$c20171028$lBLL01$h1604
=SRC  \\$aBLWrongdoing
=LAS  \\$aW1606-1753$b00$c20171028$lBLL01$h1604

