=LDR  02219 am a2200577 a 4500
=001  016894091
=003  Uk
=005  20130723102933.0
=006  m\\\\||\\d\|\\\\\\
=007  cr\|||||||||||
=008  130723q18401874sp\a\\\\o\\\\\000\0\spa\d
=FMT  \\$a  BK
=040  \\$aUkCU$beng$cUkCU$dUk
=245  00$aDoña Josefa Ramirez :$bNueva relacion en que se da cuenta de los extraordinarios arrojos que ha ejecutado esta noble señora : con lo demas que verá el curioso lector : primera parte.
=246  30$aNueva relacion en que se da cuenta de los extraordinarios arrojos que ha ejecutado esta noble señora
=260  \\$aMadrid :$bImprenta de Marés y Compañía, Juanelo, 19,$c[between 1840 and 1874]
=300  \\$a1 online resource
=336  \\$atext$2rdacontent
=337  \\$acomputer$2rdamedia
=338  \\$aonline resources$2rdacarrier
=500  \\$aText printed in two columns.
=500  \\$aIn verse.
=500  \\$aIllustration incorporated within title.
=500  \\$aCaption title.
=500  \\$aImprint from colophon.
=500  \\$a"(Núm. 2.)"
=500  \\$aIn two parts.
=599  \\$aItem no. T13 in volume 12330.l.2.$5Uk
=533  \\$aElectronic Reproduction$bLondon$cBritish Library$d2012$nItem no. T13 in volume 12330.l.2.$5Uk
=650  \0$aSex role.
=650  \0$aRevenge.
=650  \4$aRol sexual.
=650  \4$aVenganza.
=650  \4$aConventos.
=650  \4$aJosefa Ramírez (Fictitious character)
=650  \4$aPedro Valenzuela (Fictitious character)
=653  \1$aJosefa Ramírez (Personaje ficticio)
=653  \1$aPedro Valenzuela (Personaje ficticio)
=655  \7$aChapbooks$zSpain.$2rbgenr
=662  \\$aSpain$dBarcelona$2lcsh-naf
=662  \\$aItaly$dRome$2lcsh-naf
=662  \\$aSpain$dAlicante$2lcsh-naf
=662  \\$aSpain$dValencia$2lcsh-naf
=752  \\$aSpain$dMadrid.
=856  40$uhttp://cudl.lib.cam.ac.uk/view/PR-12330-L-00002-00013$yCambridge Digital Library
=859  \\$aXLD$bCambridge Digital Library
=CAT  \\$aWR14_159$b00$c20141016$lBLL01$h1656
=CAT  \\$aWR14_181$c20150323$lBLL01$h1403
=CAT  \\$aW1606-1753$c20171028$lBLL01$h1604
=SRC  \\$aBLWrongdoing
=LAS  \\$aW1606-1753$b00$c20171028$lBLL01$h1604

