=LDR  02171 am a2200553 a 4500
=001  016894094
=003  Uk
=005  20130723104323.0
=006  m\\\\||\\d\|\\\\\\
=007  cr\|||||||||||
=008  130723q18401874sp\a\\\\o\\\\\000\0\spa\d
=FMT  \\$a  BK
=040  \\$aUkCU$beng$cUkCU$dUk
=245  00$aGriselda y Gualtero :$bNueva relacion de la peregrina historia de esta pastorcita, y de cómo el marqués Gualtero trató su casamiento con ella, y salió el más singular ejemplo de la obediencia que deben tener las mujeres casadas casadas á sus maridos : primera parte.
=246  30$aNueva relacion de la peregrina historia de esta pastorcita
=260  \\$aMadrid :$bDespacho de Marés y Compañía, Juanelo, 19,$c[between 1840 and 1874]
=300  \\$a1 online resource
=336  \\$atext$2rdacontent
=337  \\$acomputer$2rdamedia
=338  \\$aonline resources$2rdacarrier
=500  \\$aText printed in two columns.
=500  \\$aIn verse.
=500  \\$aIllustration incorporated within title.
=500  \\$aCaption title.
=500  \\$aImprint from colophon.
=500  \\$a"(Núm. 5.)"
=500  \\$aIn three parts.
=599  \\$aItem no. T16 in volume 12330.l.2.$5Uk
=533  \\$aElectronic Reproduction$bLondon$cBritish Library$d2012$nItem no. T16 in volume 12330.l.2.$5Uk
=650  \4$aGriselda (Fictitious character)
=650  \4$aGualtero (Fictitious character)
=650  \0$aMan-woman relationships.
=650  \0$aLoyalty.
=650  \0$aSubmissiveness.
=650  \4$aRelaciones hombre-mujer.
=650  \4$aLealtad.
=650  \4$aSumisión.
=653  \1$aGriselda (Personaje ficticio)
=653  \1$aGualtero (Personaje ficticio)
=655  \7$aChapbooks$zSpain.$2rbgenr
=662  \\$aItaly$dBologna$2lcsh-naf
=752  \\$aSpain$dMadrid.
=856  40$uhttp://cudl.lib.cam.ac.uk/view/PR-12330-L-00002-00016$yCambridge Digital Library
=859  \\$aXLD$bCambridge Digital Library
=CAT  \\$aWR14_159$b00$c20141016$lBLL01$h1656
=CAT  \\$aWR14_181$c20150323$lBLL01$h1403
=CAT  \\$aW1606-1753$c20171028$lBLL01$h1604
=SRC  \\$aBLWrongdoing
=LAS  \\$aW1606-1753$b00$c20171028$lBLL01$h1604

