=LDR  02305 am a2200529 a 4500
=001  016894103
=003  Uk
=005  20130723121528.0
=006  m\\\\||\\d\|\\\\\\
=007  cr\|||||||||||
=008  130723s1865\\\\sp\a\\\\o\\\\\000\0\spa\d
=FMT  \\$a  BK
=040  \\$aUkCU$beng$cUkCU$dUk
=245  03$aEl hijo del verdugo :$bNueva relacion en la que se refieren los mas raros sucesos de este mancebo, natural de la ciudad de Córdoba, el cual se pasó á las Indias y logró grandes fortunas : primera parte.
=246  30$aNueva relacion, en la que se refieren los mas raros sucesos de este mancebo
=260  \\$aMadrid :$bImprenta de Marés y Compañía, plazuela de la Cebada, 13,$c1865.
=300  \\$a1 online resource
=336  \\$atext$2rdacontent
=337  \\$acomputer$2rdamedia
=338  \\$aonline resources$2rdacarrier
=500  \\$aText printed in two columns.
=500  \\$aIn verse.
=500  \\$aIllustration incorporated within title; second part with additional illustration at head of title.
=500  \\$aCaption title.
=500  \\$aImprint from colophon.
=500  \\$a"(Núm. 14.)"
=500  \\$aIn two parts. Part two has title: Segunda parte, en que se finalizan los varios sucesos y nunca esperadas fortunas de este mancebo, el cual mereció alcanzar los mas altos empleos en el gobierno de las Indias occidentales.
=599  \\$aItem no. T25 in volume 12330.l.2.$5Uk
=533  \\$aElectronic Reproduction$bLondon$cBritish Library$d2012$nItem no. T25 in volume 12330.l.2.$5Uk
=650  \0$aSocial mobility.
=650  \0$aMistaken identity.
=650  \0$aInfants switched at birth.
=650  \4$aMovilidad social.
=650  \4$aInfantes cambiados al nacer.
=653  \0$aFalsificación de identidad.
=653  \0$aVerdugos.
=655  \7$aChapbooks$zSpain.$2rbgenr
=662  \\$aSpain$dCórdoba$2lcsh-naf
=662  \\$aPeru$dLima$2lcsh-naf
=752  \\$aSpain$dMadrid.
=856  40$uhttp://cudl.lib.cam.ac.uk/view/PR-12330-L-00002-00025$yCambridge Digital Library
=859  \\$aXLD$bCambridge Digital Library
=CAT  \\$aWR14_159$b00$c20141016$lBLL01$h1656
=CAT  \\$aWR14_181$c20150323$lBLL01$h1403
=CAT  \\$aW1606-1753$c20171028$lBLL01$h1604
=SRC  \\$aBLWrongdoing
=LAS  \\$aW1606-1753$b00$c20171028$lBLL01$h1604

