=LDR  02544 am a2200505 a 4500
=001  016894105
=003  Uk
=005  20130723123635.0
=006  m\\\\||\\d\|\\\\\\
=007  cr\|||||||||||
=008  130723s1865\\\\sp\a\\\\o\\\\\000\0\spa\d
=FMT  \\$a  BK
=040  \\$aUkCU$beng$cUkCU$dUk
=245  03$aLa gran victoria que tuvo Don Juan de Austria contra la armada turquesa en el golfo de Lepanto á 7 de octubre de 1571, dividida en tres famosos romances :$bel primero cuando partió don Juan del reino de Sicilia con toda la armada en busca de la del turco : el segundo, el presente que envió el turco á don Juan : el tercero, otro presente que hizo don Juan al turco, con muy sabias respuestas : primera parte.
=260  \\$aMadrid :$bImprenta de Marés y Compañia, plazuela de la Cebada, núm. 13,$c1865.
=300  \\$a1 online resource
=336  \\$atext$2rdacontent
=337  \\$acomputer$2rdamedia
=338  \\$aonline resources$2rdacarrier
=500  \\$aText printed in two columns.
=500  \\$aIn verse.
=500  \\$aIllustration at head of title; second part with additional illustration at head of title..
=500  \\$aCaption title.
=500  \\$aImprint from colophon.
=500  \\$a"(Núm. 16.)"
=500  \\$aIn three parts. Part two has title: "Carta y presente que por medio de un embajador y gran comitiva envió el sultan á don Juan de Austria"; part three has title: "De la respuesta que dió don Juan de Austria al gran turco."
=599  \\$aItem no. T27 in volume 12330.l.2.$5Uk
=533  \\$aElectronic Reproduction$bLondon$cBritish Library$d2012$nItem no. T27 in volume 12330.l.2.$5Uk
=600  00$aJohn,$cof Austria,$d1547-1578.
=650  \0$aLepanto, Battle of, Greece, 1571.
=650  \4$aLepanto, Batalla de, Grecia, 1571
=653  \1$aJuan, de Austria, 1547-1578.
=655  \7$aChapbooks$zSpain.$2rbgenr
=662  \\$aItaly$dSicily$2lcsh-naf
=662  \\$aTurkey$2lcsh-naf
=740  02$aCarta y presente que por medio de un embajador y gran comitiva envió el sultan á don Juan de Austria.
=740  02$aDe la respuesta que dió don Juan de Austria al gran turco.
=752  \\$aSpain$dMadrid.
=856  40$uhttp://cudl.lib.cam.ac.uk/view/PR-12330-L-00002-00027$yCambridge Digital Library
=859  \\$aXLD$bCambridge Digital Library
=CAT  \\$aWR14_159$b00$c20141016$lBLL01$h1656
=CAT  \\$aWR14_181$c20150323$lBLL01$h1403
=CAT  \\$aW1606-1753$c20171028$lBLL01$h1604
=SRC  \\$aBLWrongdoing
=LAS  \\$aW1606-1753$b00$c20171028$lBLL01$h1604

