=LDR  02202 am a2200481 a 4500
=001  016894111
=003  Uk
=005  20130729104042.0
=006  m\\\\||\\d\|\\\\\\
=007  cr\|||||||||||
=008  130729s1875\\\\sp\a\\\\o\\\\\000\0\spa\d
=FMT  \\$a  BK
=040  \\$aUkCU$beng$cUkCU$dUk
=245  03$aEl despertador espiritual :$bCurioso romance en el que se espresan las voces con que se ha de despertar al pecador, que por su gran desdicha se está durmiendo en el pecado : primera parte.
=246  30$aCurioso romance en el que se espresan las voces con que se ha de despertar al pecador
=260  \\$aMadrid :$bDespacho, Juanelo, 19,$c1875.
=300  \\$a1 online resource
=336  \\$atext$2rdacontent
=337  \\$acomputer$2rdamedia
=338  \\$aonline resources$2rdacarrier
=500  \\$aText printed in two columns.
=500  \\$aIn verse.
=500  \\$aIllustration incorporated within title; second part with additional illustration at head of title.
=500  \\$aCaption title.
=500  \\$aImprint from colophon.
=500  \\$a"(Núm. 22.)"
=500  \\$aIn two parts. Part two has title: "Segunda parte del despertador espiritual en que se declara que no hay cosa que mas despierte al pecador que la memoria de la muerte, los tormentos del infierno y deleites de la Gloria."
=599  \\$aItem no. T34 in volume 12330.l.2.$5Uk
=533  \\$aElectronic Reproduction$bLondon$cBritish Library$d2012$nItem no. T34 in volume 12330.l.2.$5Uk
=650  \0$aDevotional literature, Spanish.
=650  \0$aSin.
=650  \4$aLiteratura española devocional.
=650  \4$aPecado.
=655  \7$aChapbooks$zSpain.$2rbgenr
=740  02$aSegunda parte del despertador espiritual en que se declara que no hay cosa que mas despierte al pecador que la memoria de la muerte.
=752  \\$aSpain$dMadrid.
=856  40$uhttp://cudl.lib.cam.ac.uk/view/PR-12330-L-00002-00034$yCambridge Digital Library
=859  \\$aXLD$bCambridge Digital Library
=CAT  \\$aWR14_159$b00$c20141016$lBLL01$h1656
=CAT  \\$aWR14_181$c20150323$lBLL01$h1403
=CAT  \\$aW1606-1753$c20171028$lBLL01$h1604
=SRC  \\$aBLWrongdoing
=LAS  \\$aW1606-1753$b00$c20171028$lBLL01$h1604

