=LDR  01746 am a2200445 a 4500
=001  016894127
=003  Uk
=005  20130729153745.0
=006  m\\\\||\\d\|\\\\\\
=007  cr\|||||||||||
=008  130729q18401874sp\a\\\\o\\\\\000\0\spa\d
=FMT  \\$a  BK
=040  \\$aUkCU$beng$cUkCU$dUk
=245  00$aJocosa relacion para reir y pasar el tiempo :$ben que se refiere y da cuenta de una cruel y sangrienta batalla que en los campos de Araviana tuvo el valiente y esforzado Leon, rey de todos los animales, con el famoso y alentado Grillo, rey [de] todas las sabandijas.
=260  \\$aMadrid :$bDespacho, calle de Juanelo, núm. 19,$c[between 1840 and 1874]
=300  \\$a1 online resource
=336  \\$atext$2rdacontent
=337  \\$acomputer$2rdamedia
=338  \\$aonline resources$2rdacarrier
=500  \\$aText printed in two columns.
=500  \\$aIn verse.
=500  \\$aTwo separate illustrations at head of title.
=500  \\$aCaption title.
=500  \\$aImprint from colophon.
=500  \\$a"(Núm. 38.)"
=599  \\$aItem no. T50 in volume 12330.l.2.$5Uk
=533  \\$aElectronic Reproduction$bLondon$cBritish Library$d2012$nItem no. T50 in volume 12330.l.2.$5Uk
=650  \0$aSatire, Spanish.
=650  \4$aSátira española.
=650  \4$aGrillos.
=650  \4$aLeones.
=655  \7$aChapbooks$zSpain.$2rbgenr
=752  \\$aSpain$dMadrid.
=856  40$uhttp://cudl.lib.cam.ac.uk/view/PR-12330-L-00002-00050$yCambridge Digital Library
=859  \\$aXLD$bCambridge Digital Library
=CAT  \\$aWR14_159$b00$c20141016$lBLL01$h1656
=CAT  \\$aWR14_181$c20150323$lBLL01$h1403
=CAT  \\$aW1606-1753$c20171028$lBLL01$h1604
=SRC  \\$aBLWrongdoing
=LAS  \\$aW1606-1753$b00$c20171028$lBLL01$h1604

