=LDR  01948 am a2200493 a 4500
=001  016894137
=003  Uk
=005  20130729171303.0
=006  m\\\\||\\d\|\\\\\\
=007  cr\|||||||||||
=008  130729s1873\\\\sp\a\\\\o\\\\\000\0\spa\d
=FMT  \\$a  BK
=040  \\$aUkCU$beng$cUkCU$dUk
=245  00$aLa baraja del soldado :$bNueva relacion de la baraja que ordenó un soldado llamado Miguel Ricarte en la ciudad de Reus, en la cual se hallará lo que él contemplaba estando en misa, por medio de las figuras que habia en cada naipe.
=246  30$aNueva relacion de la baraja que ordenó un soldado llamado Miguel Ricarte
=260  \\$aMadrid :$bDespacho de Marés y Compañía, Juanelo, 19,$c1873.
=300  \\$a1 online resource
=336  \\$atext$2rdacontent
=337  \\$acomputer$2rdamedia
=338  \\$aonline resources$2rdacarrier
=500  \\$aText printed in two columns.
=500  \\$aIn verse.
=500  \\$aThree separate incorporated within title.
=500  \\$aCaption title.
=500  \\$aImprint from colophon.
=500  \\$a"(Núm. 48.)"
=599  \\$aItem no. T59 in volume 12330.l.2.$5Uk
=533  \\$aElectronic Reproduction$bLondon$cBritish Library$d2012$nItem no. T59 in volume 12330.l.2.$5Uk
=650  \4$aMiguel de Ricarte (Fictitious character)
=650  \0$aSatire, Spanish.
=650  \4$aSátira española.
=650  \4$aSoldados.
=650  \4$aBarajas.
=653  \1$aMiguel de Ricarte (Personaje ficticio)
=655  \7$aChapbooks$zSpain.$2rbgenr
=662  \\$aSpain$dReus$2lcsh-naf
=752  \\$aSpain$dMadrid.
=856  40$uhttp://cudl.lib.cam.ac.uk/view/PR-12330-L-00002-00059$yCambridge Digital Library
=859  \\$aXLD$bCambridge Digital Library
=CAT  \\$aWR14_159$b00$c20141016$lBLL01$h1656
=CAT  \\$aWR14_181$c20150323$lBLL01$h1403
=CAT  \\$aW1606-1753$c20171028$lBLL01$h1604
=SRC  \\$aBLWrongdoing
=LAS  \\$aW1606-1753$b00$c20171028$lBLL01$h1604

