=LDR  01956 am a2200457 a 4500
=001  016894139
=003  Uk
=005  20130729172058.0
=006  m\\\\||\\d\|\\\\\\
=007  cr\|||||||||||
=008  130729s1866\\\\sp\a\\\\o\\\\\000\0\spa\d
=FMT  \\$a  BK
=040  \\$aUkCU$beng$cUkCU$dUk
=245  00$aEl niño sabio :$bNueva relacion en la que se refiere como un niño de seis años esplicó la fealdad del pecado mortal y sus consecuencias : con algunos pasajes de la S[a]grada Escritura, consiguiendo que veinte y cinco bandidos se volviesen á Dios é hiciesen penitencia de sus culpas y pecados.
=246  30$aNueva relacion en la que se refiere como un niño de seis años esplicó la fealdad del pecado mortal y sus consecuencias
=260  \\$aMadrid :$bImprenta de Marés y Compañía, calle de la Encomienda, núm. 19,$c1866.
=300  \\$a1 online resource
=336  \\$atext$2rdacontent
=337  \\$acomputer$2rdamedia
=338  \\$aonline resources$2rdacarrier
=500  \\$aText printed in two columns.
=500  \\$aIn verse.
=500  \\$aIllustration incorporated within title.
=500  \\$aCaption title.
=500  \\$aImprint from colophon.
=500  \\$a"(Núm. 50.)"
=599  \\$aItem no. T61 in volume 12330.l.2.$5Uk
=533  \\$aElectronic Reproduction$bLondon$cBritish Library$d2012$nItem no. T61 in volume 12330.l.2.$5Uk
=650  \0$aChristian literature, Spanish.
=650  \0$aSin.
=650  \4$aLiteratura religiosa española.
=650  \4$aPecado.
=655  \7$aChapbooks$zSpain.$2rbgenr
=752  \\$aSpain$dMadrid.
=856  40$uhttp://cudl.lib.cam.ac.uk/view/PR-12330-L-00002-00061$yCambridge Digital Library
=859  \\$aXLD$bCambridge Digital Library
=CAT  \\$aWR14_159$b00$c20141016$lBLL01$h1656
=CAT  \\$aWR14_181$c20150323$lBLL01$h1403
=CAT  \\$aW1606-1753$c20171028$lBLL01$h1604
=SRC  \\$aBLWrongdoing
=LAS  \\$aW1606-1753$b00$c20171028$lBLL01$h1604

