=LDR  01793 am a2200481 a 4500
=001  016894163
=003  Uk
=005  20130730151213.0
=006  m\\\\||\\d\|\\\\\\
=007  cr\|||||||||||
=008  130730q18901950sp\a\\\\o\\\\\000\0\spa\d
=FMT  \\$a  BK
=040  \\$aUkCU$beng$cUkCU$dUk
=245  00$aPortentoso milagro de la Santisima Virgen del Carmen :$bsucedido á la criada Rita Muñiz.
=260  \\$aMadrid :$bDepósito de aleluyas y romances, Tabernillas 2, pral,$c[between 1890 and 1950?]
=300  \\$a1 online resource
=336  \\$atext$2rdacontent
=337  \\$acomputer$2rdamedia
=338  \\$aonline resources$2rdacarrier
=500  \\$aText printed in two columns.
=500  \\$aIn verse.
=500  \\$aIllustration at head of title.
=500  \\$aCaption title.
=500  \\$aImprint from colophon.
=500  \\$a"Núm. 3."
=599  \\$aItem no. T90 in volume 12330.l.2.$5Uk
=533  \\$aElectronic Reproduction$bLondon$cBritish Library$d2012$nItem no. T90 in volume 12330.l.2.$5Uk
=600  10$aEspiritu Santo, María del Carmen del$xMracles.
=600  14$aEspiritu Santo, María del Carmen del$xMilagros.
=650  \0$aDeception.
=650  \4$aRita Muñiz (Fictitious character)
=650  \4$aEngaño.
=653  \1$aRita Muñiz (Personaje ficticio)
=655  \7$aChapbooks$zSpain.$2rbgenr
=752  \\$aSpain$dMadrid.
=856  40$uhttp://cudl.lib.cam.ac.uk/view/PR-12330-L-00002-00090$yCambridge Digital Library
=859  \\$aXLD$bCambridge Digital Library
=CAT  \\$aWR14_159$b00$c20141016$lBLL01$h1656
=CAT  \\$aBATCH-UPD$b00$c20141016$lBLL01$h1709
=CAT  \\$aWR14_181$c20150323$lBLL01$h1403
=CAT  \\$aW1606-1753$c20171028$lBLL01$h1604
=SRC  \\$aBLWrongdoing
=LAS  \\$aW1606-1753$b00$c20171028$lBLL01$h1604

