=LDR  02030 am a2200469 a 4500
=001  016894164
=003  Uk
=005  20130730153135.0
=006  m\\\\||\\d\|\\\\\\
=007  cr\|||||||||||
=008  130730q18701875sp\a\\\\o\\\\\000\0\spa\d
=FMT  \\$a  BK
=040  \\$aUkCU$beng$cUkCU$dUk
=245  00$aChiste nuevo en el que se declara el chasco que ha dado una señora à un señor coronel en la ciudad de Càdiz.
=260  \\$aCarmona :$bImp. y lib. de Manuel Belloso y Moreno (menor), Madre de Dios, 1,$c[between 1870 and 1875?]
=300  \\$a1 online resource
=336  \\$atext$2rdacontent
=337  \\$acomputer$2rdamedia
=338  \\$aonline resources$2rdacarrier
=500  \\$aText printed in two columns.
=500  \\$aIn verse.
=500  \\$aThree separate illustrations at head of title.
=500  \\$aCaption title.
=500  \\$aImprint from colophon.
=500  \\$a"Cancion divertida en la que se refiere el regalo que le hizo una señorita á un caballero inglés, y lo que á este resultó poco tiempo despues": p. [4].
=599  \\$aItem no. T91 in volume 12330.l.2.$5Uk
=533  \\$aElectronic Reproduction$bLondon$cBritish Library$d2012$nItem no. T91 in volume 12330.l.2.$5Uk
=650  \0$aSatire, Spanish.
=650  \0$aSongs, Spanish$vTexts.
=650  \4$aSátira española.
=653  \0$aCanciones españolas--Textos.
=655  \7$aChapbooks$zSpain.$2rbgenr
=662  \\$aSpain$dCádiz$2lcsh-naf
=740  02$aCancion divertida en la que se refiere el regalo que le hizo una señorita á un caballero inglés, y lo que á este resultó poco tiempo despues.
=752  \\$aSpain$dCarmona (Seville)
=856  40$uhttp://cudl.lib.cam.ac.uk/view/PR-12330-L-00002-00091$yCambridge Digital Library
=859  \\$aXLD$bCambridge Digital Library
=CAT  \\$aWR14_159$b00$c20141016$lBLL01$h1656
=CAT  \\$aWR14_181$c20150323$lBLL01$h1403
=CAT  \\$aW1606-1753$c20171028$lBLL01$h1604
=SRC  \\$aBLWrongdoing
=LAS  \\$aW1606-1753$b00$c20171028$lBLL01$h1604

