=LDR  01554 am a2200433 a 4500
=001  016894165
=003  Uk
=005  20130730154045.0
=006  m\\\\||\\d\|\\\\\\
=007  cr\|||||||||||
=008  130730q17991850sp\a\\\\o\\\\\000\0\spa\d
=FMT  \\$a  BK
=040  \\$aUkCU$beng$cUkCU$dUk
=245  00$aCada cual arrima el ascua :$bpasillo nuevo entre hombre y mujer.
=260  \\$aReimpreso en Jerez :$bCalle del Compás,$c[between 1799 and 1850?]
=300  \\$a1 online resource
=336  \\$atext$2rdacontent
=337  \\$acomputer$2rdamedia
=338  \\$aonline resources$2rdacarrier
=500  \\$aText printed in two columns.
=500  \\$aIn verse.
=500  \\$aTwo separate illustrations at head of title.
=500  \\$aCaption title.
=500  \\$aImprint from colophon.
=599  \\$aItem no. T92 in volume 12330.l.2.$5Uk
=533  \\$aElectronic Reproduction$bLondon$cBritish Library$d2012$nItem no. T92 in volume 12330.l.2.$5Uk
=650  \0$aMan-woman relationships.
=650  \0$aSatire, Spanish.
=650  \4$aRelaciones hombre-mujer.
=650  \4$aSátira española.
=655  \7$aChapbooks$zSpain.$2rbgenr
=752  \\$aSpain$dJerez de la Frontera.
=856  40$uhttp://cudl.lib.cam.ac.uk/view/PR-12330-L-00002-00092$yCambridge Digital Library
=859  \\$aXLD$bCambridge Digital Library
=CAT  \\$aWR14_159$b00$c20141016$lBLL01$h1656
=CAT  \\$aWR14_181$c20150323$lBLL01$h1403
=CAT  \\$aW1606-1753$c20171028$lBLL01$h1604
=SRC  \\$aBLWrongdoing
=LAS  \\$aW1606-1753$b00$c20171028$lBLL01$h1604

