=LDR  01534 am a2200433 a 4500
=001  016894168
=003  Uk
=005  20130730160155.0
=006  m\\\\||\\d\|\\\\\\
=007  cr\|||||||||||
=008  130730q18761888sp\a\\\\o\\\\\000\0\spa\d
=FMT  \\$a  BK
=040  \\$aUkCU$beng$cUkCU$dUk
=245  00$aRelacion burlesca del bando que manda publicar un alcalde nuevo en este presente año.
=246  30$aAlcalde nuevo
=260  \\$aBaeza :$bImp. y lib. de la Comision Gral. de Libros,$c[between 1876 and 1888?]
=300  \\$a1 online resource
=336  \\$atext$2rdacontent
=337  \\$acomputer$2rdamedia
=338  \\$aonline resources$2rdacarrier
=500  \\$aText printed in two columns.
=500  \\$aIn verse.
=500  \\$aThree separate illustrations at head of title.
=500  \\$aCaption title.
=500  \\$aImprint from colophon.
=500  \\$a"(Núm. 43.)"
=599  \\$aItem no. T95 in volume 12330.l.2.$5Uk
=533  \\$aElectronic Reproduction$bLondon$cBritish Library$d2012$nItem no. T95 in volume 12330.l.2.$5Uk
=650  \0$aMayors.
=650  \4$aAlcaldes.
=655  \7$aChapbooks$zSpain.$2rbgenr
=752  \\$aSpain$dBaeza.
=856  40$uhttp://cudl.lib.cam.ac.uk/view/PR-12330-L-00002-00095$yCambridge Digital Library
=859  \\$aXLD$bCambridge Digital Library
=CAT  \\$aWR14_159$b00$c20141016$lBLL01$h1656
=CAT  \\$aWR14_181$c20150323$lBLL01$h1403
=CAT  \\$aW1606-1753$c20171028$lBLL01$h1604
=SRC  \\$aBLWrongdoing
=LAS  \\$aW1606-1753$b00$c20171028$lBLL01$h1604

