=LDR  01604 am a2200469 a 4500
=001  016894170
=003  Uk
=005  20130730162004.0
=006  m\\\\||\\d\|\\\\\\
=007  cr\|||||||||||
=008  130730q18441864sp\a\\\\o\\\\\000\0\spa\d
=FMT  \\$a  BK
=040  \\$aUkCU$beng$cUkCU$dUk
=245  00$aPasillo del tio Camacho y del tio Mateo.
=246  1\$aDel tio Camacho y el tio Mateo
=260  \\$aMadrid :$bImp. y lib. de D. José M. Moreno, Madre de Dios, 1,$c[between 1844 and 1864?]
=300  \\$a1 online resource
=336  \\$atext$2rdacontent
=337  \\$acomputer$2rdamedia
=338  \\$aonline resources$2rdacarrier
=500  \\$aText printed in two columns.
=500  \\$aIn verse.
=500  \\$aIllustration at head of title.
=500  \\$aCaption title.
=500  \\$aImprint from colophon.
=500  \\$a"Núm. 79."
=599  \\$aItem no. T97 in volume 12330.l.2.$5Uk
=533  \\$aElectronic Reproduction$bLondon$cBritish Library$d2012$nItem no. T97 in volume 12330.l.2.$5Uk
=650  \0$aSatire, Spanish.
=650  \0$aAlcohol.
=650  \4$aSátira española.
=650  \4$aAlcohol.
=650  \4$aLadrones.
=655  \7$aChapbooks$zSpain.$2rbgenr
=752  \\$aSpain$dCarmona (Seville)
=856  40$uhttp://cudl.lib.cam.ac.uk/view/PR-12330-L-00002-00097$yCambridge Digital Library
=859  \\$aXLD$bCambridge Digital Library
=CAT  \\$aWR14_159$b00$c20141016$lBLL01$h1656
=CAT  \\$aWR14_181$c20150323$lBLL01$h1403
=CAT  \\$aW1606-1753$c20171028$lBLL01$h1604
=SRC  \\$aBLWrongdoing
=LAS  \\$aW1606-1753$b00$c20171028$lBLL01$h1604

