=LDR  02020 am a2200481 a 4500
=001  016894171
=003  Uk
=005  20130730162547.0
=006  m\\\\||\\d\|\\\\\\
=007  cr\|||||||||||
=008  130730q18441864sp\a\\\\o\\\\\000\0\spa\d
=FMT  \\$a  BK
=040  \\$aUkCU$beng$cUkCU$dUk
=245  00$aEl cortante de Cadiz :$bRomance en que se declara la feliz fortuna que tuvo un hijo de un cortante de Cádiz, llevándoselo preso un mercader á las Indias : Dase cuenta como volvió á España y se casó con la hija de un mercader que fué causa de su desgracia, siéndolo tambien de su dicha y prosperidad, como oirá el curioso lector : primera parte.
=246  30$aRomance en que se declara la feliz fortuna que tuvo un hijo de un cortante de Cádiz
=260  \\$aCarmona :$bImp. y lib. de D. José M. Moreno, Madre de Dios, n. 1,$c[between 1844 and 1864?]
=300  \\$a1 online resource
=336  \\$atext$2rdacontent
=337  \\$acomputer$2rdamedia
=338  \\$aonline resources$2rdacarrier
=500  \\$aText printed in two columns.
=500  \\$aIn verse.
=500  \\$aIllustration at head of title.
=500  \\$aCaption title.
=500  \\$aImprint from colophon.
=500  \\$a"Núm. 180."
=500  \\$aIn two parts.
=599  \\$aItem no. T98 in volume 12330.l.2.$5Uk
=533  \\$aElectronic Reproduction$bLondon$cBritish Library$d2012$nItem no. T98 in volume 12330.l.2.$5Uk
=650  \0$aRevenge.
=650  \4$aVenganza.
=650  \4$aComerciantes.
=650  \4$aEsclavos.
=655  \7$aChapbooks$zSpain.$2rbgenr
=662  \\$aSpain$dCádiz$2lcsh-naf
=752  \\$aSpain$dCarmona (Seville)
=856  40$uhttp://cudl.lib.cam.ac.uk/view/PR-12330-L-00002-00098$yCambridge Digital Library
=859  \\$aXLD$bCambridge Digital Library
=CAT  \\$aWR14_159$b00$c20141016$lBLL01$h1656
=CAT  \\$aWR14_181$c20150323$lBLL01$h1403
=CAT  \\$aW1606-1753$c20171028$lBLL01$h1604
=SRC  \\$aBLWrongdoing
=LAS  \\$aW1606-1753$b00$c20171028$lBLL01$h1604

