=LDR  01725 am a2200469 a 4500
=001  016894172
=003  Uk
=005  20130730171823.0
=006  m\\\\||\\d\|\\\\\\
=007  cr\|||||||||||
=008  130730q18701875sp\a\\\\o\\\\\000\0\spa\d
=FMT  \\$a  BK
=040  \\$aUkCU$beng$cUkCU$dUk
=245  00$aRelacion andaluza de las hazañas, hechos y valentias de Pepillo el Jerezano.
=246  30$aDe Pepillo el Jerezano
=260  \\$aCarmona :$bImp. y lib. de Manuel Belloso, Madre de Dios, 1,$c[between 1870 and 1875?]
=300  \\$a1 online resource
=336  \\$atext$2rdacontent
=337  \\$acomputer$2rdamedia
=338  \\$aonline resources$2rdacarrier
=500  \\$aText printed in two columns.
=500  \\$aIn verse.
=500  \\$aIllustration at head of title.
=500  \\$aCaption title.
=500  \\$aImprint from colophon.
=500  \\$a"Núm. 238."
=599  \\$aItem no. T99 in volume 12330.l.2.$5Uk
=533  \\$aElectronic Reproduction$bLondon$cBritish Library$d2012$nItem no. T99 in volume 12330.l.2.$5Uk
=650  \0$aPepillo el Jerezano (Fictitious character)
=650  \0$aSatire, Spanish.
=653  \1$aPepillo el Jerezano (Personaje ficticio)
=650  \4$aSátira española.
=655  \7$aChapbooks$zSpain.$2rbgenr
=662  \\$aSpain$dJerez de la Forntera$2lcsh-naf
=752  \\$aSpain$dCarmona (Seville)
=856  40$uhttp://cudl.lib.cam.ac.uk/view/PR-12330-L-00002-00099$yCambridge Digital Library
=859  \\$aXLD$bCambridge Digital Library
=CAT  \\$aWR14_159$b00$c20141016$lBLL01$h1656
=CAT  \\$aWR14_181$c20150323$lBLL01$h1403
=CAT  \\$aW1606-1753$c20171028$lBLL01$h1604
=SRC  \\$aBLWrongdoing
=LAS  \\$aW1606-1753$b00$c20171028$lBLL01$h1604

