=LDR  01811 am a2200457 a 4500
=001  016894174
=003  Uk
=005  20130730172914.0
=006  m\\\\||\\d\|\\\\\\
=007  cr\|||||||||||
=008  130730q18401874sp\a\\\\o\\\\\000\0\spa\d
=FMT  \\$a  BK
=040  \\$aUkCU$beng$cUkCU$dUk
=245  10$aHistoria del nuevo navegador, ó sea, Relacion de la sagrada pasion y muerte de Jesucristo nuestro salvador.
=246  30$aRelacion de la sagrada pasion y muerte de Jesucristo nuestro salvador
=246  36$aHistoria de la sagrada pasion y muerte de nuestro señor Jesucristo
=260  \\$aMadrid :$bDespacho, calle de Juanelo, núm. 19,$c[between 1840 and 1874]
=300  \\$a1 online resource
=336  \\$atext$2rdacontent
=337  \\$acomputer$2rdamedia
=338  \\$aonline resources$2rdacarrier
=500  \\$aText printed in two columns.
=500  \\$aIn verse.
=500  \\$aIllustration at head of title page; additional illustrations on pages 5, 13, 15, 16, 21 and 23.
=500  \\$aCaption title.
=500  \\$a"(Tres pliegos)"
=599  \\$aItem no. T101 in volume 12330.l.2.$5Uk
=533  \\$aElectronic Reproduction$bLondon$cBritish Library$d2012$nItem no. T101 in volume 12330.l.2.$5Uk
=600  00$aJesus Christ.
=600  04$aJesucristo.
=650  \0$aChristian literature, Spanish.
=650  \4$aLiteratura religiosa española.
=655  \7$aChapbooks$zSpain.$2rbgenr
=752  \\$aSpain$dMadrid.
=856  40$uhttp://cudl.lib.cam.ac.uk/view/PR-12330-L-00002-00101$yCambridge Digital Library
=859  \\$aXLD$bCambridge Digital Library
=CAT  \\$aWR14_159$b00$c20141016$lBLL01$h1656
=CAT  \\$aWR14_181$c20150323$lBLL01$h1403
=CAT  \\$aW1606-1753$c20171028$lBLL01$h1604
=SRC  \\$aBLWrongdoing
=LAS  \\$aW1606-1753$b00$c20171028$lBLL01$h1604

