=LDR  02491 am a2200577 a 4500
=001  016894179
=003  Uk
=005  20130808104902.0
=006  m\\\\||\\d\|\\\\\\
=007  cr\|||||||||||
=008  130808s1858\\\\sp\a\\\\o\\\\\000\0\spa\d
=FMT  \\$a  BK
=040  \\$aUkCU$beng$cUkCU$dUk
=245  00$aRelacion de los varios sucesos de don Manuel de Contreras y doña Teresa de Rivera, en que se declara como don Manuel sacó á doña Teresa de un convento de la ciudad de Salamanca, y caminando para Córdoba fué muerto en Sierra-Morena por un hermano de doña Teresa : primera parte.
=260  \\$aMadrid :$bImp. de José M. Marés y compañía, plaza de la Cebada, núm. 96,$c1858.
=300  \\$a1 online resource
=336  \\$atext$2rdacontent
=337  \\$acomputer$2rdamedia
=338  \\$aonline resources$2rdacarrier
=500  \\$aText printed in two columns.
=500  \\$aIn verse.
=500  \\$aIllustration at head of title.
=500  \\$aCaption title.
=500  \\$aImprint from colophon.
=500  \\$a"(Núm. 91.)"
=500  \\$aIn two parts. Part two has title: "Segunda parte de Doña Teresa de Rivera."
=599  \\$aLibrary copy has pages 5-8 bound after pt. 1 of item T6.$5UkCU
=599  \\$aItem no. T5 in volume 12330.l.9.$5Uk
=533  \\$aElectronic Reproduction$bLondon$cBritish Library$d2012$nLibrary copy has pages 5-8 bound after pt. 1 of item T6.$nItem no. T5 in volume 12330.l.9.$5Uk
=600  00$aJesus Christ$xDevotion to.
=600  04$aJesucristo$xDevoción a.
=650  \4$aManuel de Contreras (Fictitious character)
=650  \4$aTeresa de Rivera (Fictitious character)
=650  \0$aMan-woman relationships.
=650  \4$aRelaciones hombre-mujer.
=650  \4$aDiablo.
=653  \1$aManuel de Contreras (Personaje ficticio)
=653  \1$aTeresa de Rivera (Personaje ficticio)
=655  \7$aChapbooks$zSpain.$2rbgenr
=662  \\$aSpain$dSalamanca$2lcsh-naf
=662  \\$aSpain$dCórdoba$2lcsh-naf
=662  \\$aSpain$gSierra Morena$2lcsh-naf
=740  02$aSegunda parte de Doña Teresa de Rivera.
=752  \\$aSpain$dMadrid.
=856  40$uhttp://cudl.lib.cam.ac.uk/view/PR-12330-L-00009-00005$yCambridge Digital Library
=859  \\$aXLD$bCambridge Digital Library
=CAT  \\$aWR14_159$b00$c20141016$lBLL01$h1656
=CAT  \\$aWR14_181$c20150323$lBLL01$h1403
=CAT  \\$aW1606-1753$c20171028$lBLL01$h1604
=SRC  \\$aBLWrongdoing
=LAS  \\$aW1606-1753$b00$c20171028$lBLL01$h1604

