=LDR  01485 am a2200421 a 4500
=001  016894188
=003  Uk
=005  20140422111926.0
=006  m\\\\||\\d\|\\\\\\
=007  cr\|||||||||||
=008  130808s1862\\\\sp\a\\\\o\\\\\000\0\spa\\
=FMT  \\$a  BK
=040  \\$aUkCU$beng$cUkCU$dUk
=245  00$aPasillo del Cid Campeador Don Rodrigo Diaz de Vivar.
=246  30$aCid Campeador
=260  \\$aMadrid :$bImprenta de J. M. Marés, plazuela de la Cebada, núm. 96,$c1862.
=300  \\$a1 online resource
=336  \\$atext$2rdacontent
=337  \\$acomputer$2rdamedia
=338  \\$aonline resources$2rdacarrier
=500  \\$aText printed in two columns.
=500  \\$aIn verse.
=500  \\$aTwo separate illustrations at head of title.
=500  \\$aCaption title.
=500  \\$aImprint from colophon.
=500  \\$a"(Núm. 64.)"
=599  \\$aItem no. T14 in volume 12330.l.9.$5Uk
=533  \\$aElectronic Reproduction$bLondon$cBritish Library$d2012$nItem no. T14 in volume 12330.l.9.$5Uk
=600  10$aCid,$dca. 1043-1099.
=655  \7$aChapbooks$zSpain.$2rbgenr.
=752  \\$aSpain$dMadrid.
=856  40$uhttp://cudl.lib.cam.ac.uk/view/PR-12330-L-00009-00014$yCambridge Digital Library
=859  \\$aXLD$bCambridge Digital Library
=CAT  \\$aWR14_159$b00$c20141016$lBLL01$h1656
=CAT  \\$aWR14_181$c20150323$lBLL01$h1403
=CAT  \\$aW1606-1753$c20171028$lBLL01$h1604
=SRC  \\$aBLWrongdoing
=LAS  \\$aW1606-1753$b00$c20171028$lBLL01$h1604

