=LDR  02107 am a2200529 a 4500
=001  016894191
=003  Uk
=005  20130808145553.0
=006  m\\\\||\\d\|\\\\\\
=007  cr\|||||||||||
=008  130808q18421859sp\a\\\\o\\\\\000\0\spa\d
=FMT  \\$a  BK
=040  \\$aUkCU$beng$cUkCU$dUk
=245  00$aCancion nueva de Abelardo y Eloisa.
=260  \\$aMadrid :$bImprenta de Marés y compañía, plazuela de la Cebada, núm. 13,$c[between 1842 and 1859?]
=300  \\$a1 online resource
=336  \\$atext$2rdacontent
=337  \\$acomputer$2rdamedia
=338  \\$aonline resources$2rdacarrier
=500  \\$aText printed in two columns.
=500  \\$aIn verse.
=500  \\$aTwo separate illustrations at head of title.
=500  \\$aCaption title.
=500  \\$aImprint from colophon.
=500  \\$a"(Núm. 70.)"
=500  \\$a"Vida y amores de Abelardo y Eloisa": p. [2].
=500  \\$a"Cancion de la triste Corina, lamentándose de la ingratitud de Oswaldo, su falso y cruel amante": p. [3-4].
=599  \\$aItem no. T17 in volume 12330.l.9.$5Uk
=533  \\$aElectronic Reproduction$bLondon$cBritish Library$d2012$nItem no. T17 in volume 12330.l.9.$5Uk
=600  10$aAbelard, Peter,$d1079-1142.
=600  00$aHéloisa,$d1101-1164.
=600  14$aAbelardo, Pedro,$d1079-1142.
=600  04$aHéloïse,$dapproximately 1095-1163 or 1164.
=650  \0$aSongs, Spanish$vTexts.
=653  \0$aCanciones españolas--Textos.
=655  \7$aChapbooks$zSpain.$2rbgenr
=740  02$aVida y amores de Abelardo y Eloisa.
=740  02$aCancion de la triste Corina, lamentándose de la ingratitud de Oswaldo, su falso y cruel amante.
=752  \\$aSpain$dMadrid.
=856  40$uhttp://cudl.lib.cam.ac.uk/view/PR-12330-L-00009-00017$yCambridge Digital Library
=859  \\$aXLD$bCambridge Digital Library
=CAT  \\$aWR14_159$b00$c20141016$lBLL01$h1656
=CAT  \\$aWR14_181$c20150323$lBLL01$h1403
=CAT  \\$a5194$b40$c20151021$lBLL01$h1043
=CAT  \\$aW1606-1753$c20171028$lBLL01$h1604
=SRC  \\$aBLWrongdoing
=LAS  \\$aW1606-1753$b00$c20171028$lBLL01$h1604

