=LDR  01604 am a2200469 a 4500
=001  016894194
=003  Uk
=005  20130808150820.0
=006  m\\\\||\\d\|\\\\\\
=007  cr\|||||||||||
=008  130808s1862\\\\sp\a\\\\o\\\\\000\0\spa\d
=FMT  \\$a  BK
=040  \\$aUkCU$beng$cUkCU$dUk
=245  00$aSainete nuevo :$bEl corregidor y la molinera.
=246  30$aCorregidor y la molinera
=260  \\$aBarcelona :$bImprenta de Juan Llorens, Palma de Sta. Catalina,$c1862.
=300  \\$a1 online resource
=336  \\$atext$2rdacontent
=337  \\$acomputer$2rdamedia
=338  \\$aonline resources$2rdacarrier
=500  \\$aText printed in two columns.
=500  \\$aIn verse.
=500  \\$aIllustration at head of title.
=500  \\$aCaption title.
=500  \\$aImprint from colophon.
=599  \\$aItem no. T20 in volume 12330.l.9.$5Uk
=533  \\$aElectronic Reproduction$bLondon$cBritish Library$d2012$nItem no. T20 in volume 12330.l.9.$5Uk
=650  \0$aSongs, Spanish$vTexts.
=650  \0$aCourtship.
=650  \4$aCortejo amoroso.
=650  \4$aCorregidores.
=650  \4$aMolineros.
=653  \0$aCanciones españolas--Textos.
=655  \7$aChapbooks$zSpain.$2rbgenr
=752  \\$aSpain$dBarcelona.
=856  40$uhttp://cudl.lib.cam.ac.uk/view/PR-12330-L-00009-00020$yCambridge Digital Library
=859  \\$aXLD$bCambridge Digital Library
=CAT  \\$aWR14_159$b00$c20141016$lBLL01$h1656
=CAT  \\$aWR14_181$c20150323$lBLL01$h1403
=CAT  \\$aW1606-1753$c20171028$lBLL01$h1604
=SRC  \\$aBLWrongdoing
=LAS  \\$aW1606-1753$b00$c20171028$lBLL01$h1604

