=LDR  01569 am a2200445 a 4500
=001  016894196
=003  Uk
=005  20130808160214.0
=006  m\\\\||\\d\|\\\\\\
=007  cr\|||||||||||
=008  130808q1863\\\\sp\a\\\\o\\\\\000\0\spa\d
=FMT  \\$a  BK
=040  \\$aUkCU$beng$cUkCU$dUk
=245  00$aSainete nuevo titulado :$bLa estátua fingida, ó sea, Jorge el sacristan.
=246  30$aEstátua fingida
=246  33$aJorge el sacristan
=260  \\$aBarcelona :$bImprenta de Juan Llorens, Palma de Sta. Catalina,$c1663 [i.e. 1863?]
=300  \\$a1 online resource
=336  \\$atext$2rdacontent
=337  \\$acomputer$2rdamedia
=338  \\$aonline resources$2rdacarrier
=500  \\$aText printed in two columns.
=500  \\$aIn verse.
=500  \\$aIllustration at head of title.
=500  \\$aCaption title.
=599  \\$aItem no. T22 in volume 12330.l.9.$5Uk
=533  \\$aElectronic Reproduction$bLondon$cBritish Library$d2012$nItem no. T22 in volume 12330.l.9.$5Uk
=650  \0$aMan-woman relationships.
=650  \0$aSextons.
=650  \4$aRelaciones hombre-mujer.
=653  \0$aSacristanes.
=655  \7$aChapbooks$zSpain.$2rbgenr
=752  \\$aSpain$dBarcelona.
=856  40$uhttp://cudl.lib.cam.ac.uk/view/PR-12330-L-00009-00022$yCambridge Digital Library
=859  \\$aXLD$bCambridge Digital Library
=CAT  \\$aWR14_159$b00$c20141016$lBLL01$h1656
=CAT  \\$aWR14_181$c20150323$lBLL01$h1403
=CAT  \\$aW1606-1753$c20171028$lBLL01$h1604
=SRC  \\$aBLWrongdoing
=LAS  \\$aW1606-1753$b00$c20171028$lBLL01$h1604

