=LDR  01692 am a2200457 a 4500
=001  016894202
=003  Uk
=005  20130808172428.0
=006  m\\\\||\\d\|\\\\\\
=007  cr\|||||||||||
=008  130808s1859\\\\sp\a\\\\o\\\\\000\0\spa\d
=FMT  \\$a  BK
=040  \\$aUkCU$beng$cUkCU$dUk
=245  03$aTonadilla La muger liviana :$bparte segunda /$cletra de Don F. P. ; música de Don F. G.
=246  30$aMuger liviana
=260  \\$aBarcelona :$bEn casa Juan Llorens, calle de la Palma de Santa Catalina,$c1859$f(Imp. de José Tauló, calle de la Tapineria, núm. 58)
=300  \\$a1 online resource
=336  \\$atext$2rdacontent
=337  \\$acomputer$2rdamedia
=338  \\$aonline resources$2rdacarrier
=500  \\$aText printed in two columns.
=500  \\$aIn verse.
=500  \\$aIllustration at head of title.
=500  \\$aCaption title.
=500  \\$aImprint from colophon.
=500  \\$aPrinted on coloured paper.
=599  \\$aItem no. T28 in volume 12330.l.9.$5Uk
=533  \\$aElectronic Reproduction$bLondon$cBritish Library$d2012$nItem no. T28 in volume 12330.l.9.$5Uk
=650  \0$aSpanish drama.
=650  \0$aMan-woman relationships.
=650  \4$aTeatro español.
=650  \4$aRelaciones hombre-mujer.
=655  \7$aChapbooks$zSpain.$2rbgenr
=752  \\$aSpain$dBarcelona.
=856  40$uhttp://cudl.lib.cam.ac.uk/view/PR-12330-L-00009-00028$yCambridge Digital Library
=859  \\$aXLD$bCambridge Digital Library
=CAT  \\$aWR14_159$b00$c20141016$lBLL01$h1656
=CAT  \\$aWR14_181$c20150323$lBLL01$h1403
=CAT  \\$aW1606-1753$c20171028$lBLL01$h1604
=SRC  \\$aBLWrongdoing
=LAS  \\$aW1606-1753$b00$c20171028$lBLL01$h1604

