=LDR  01710 am a2200457 a 4500
=001  016894203
=003  Uk
=005  20130816170134.0
=006  m\\\\||\\d\|\\\\\\
=007  cr\|||||||||||
=008  130816s1858\\\\sp\a\\\\o\\\\\000\0\spa\d
=FMT  \\$a  BK
=040  \\$aUkCU$beng$cUkCU$dUk
=100  0\$aD. M. C.
=245  10$aTonadilla La huérfana :$bentretenimiento de canto y música /$cpor D.M.C.
=246  30$aHuérfana
=260  \\$aBarcelona :$bEn casa Juan Llorens, calle de la Palma de Santa Catalina,$c1858$f(Imp. de José Tauló)
=300  \\$a1 online resource
=336  \\$atext$2rdacontent
=337  \\$acomputer$2rdamedia
=338  \\$aonline resources$2rdacarrier
=500  \\$aText printed in two columns.
=500  \\$aIn verse.
=500  \\$aIllustration at head of title; additional illustration at foot of p. 8.
=500  \\$aCaption title.
=500  \\$a"En donde se indica la venta, se dará razón del autor de la música."
=599  \\$aItem no. T29 in volume 12330.l.9.$5Uk
=533  \\$aElectronic Reproduction$bLondon$cBritish Library$d2012$nItem no. T29 in volume 12330.l.9.$5Uk
=650  \0$aSongs, Spanish$vTexts.
=650  \0$aOrphans.
=650  \4$aHuérfanos.
=653  \0$aCanciones españolas--Textos.
=655  \7$aChapbooks$zSpain.$2rbgenr
=752  \\$aSpain$dBarcelona.
=856  40$uhttp://cudl.lib.cam.ac.uk/view/PR-12330-L-00009-00029$yCambridge Digital Library
=859  \\$aXLD$bCambridge Digital Library
=CAT  \\$aWR14_159$b00$c20141016$lBLL01$h1656
=CAT  \\$aWR14_181$c20150323$lBLL01$h1403
=CAT  \\$aW1606-1753$c20171028$lBLL01$h1604
=SRC  \\$aBLWrongdoing
=LAS  \\$aW1606-1753$b00$c20171028$lBLL01$h1604

