=LDR  01792 am a2200481 a 4500
=001  016894204
=003  Uk
=005  20130816165942.0
=006  m\\\\||\\d\|\\\\\\
=007  cr\|||||||||||
=008  130816s1859\\\\sp\a\\\\o\\\\\000\0\spa\d
=FMT  \\$a  BK
=040  \\$aUkCU$beng$cUkCU$dUk
=100  00$aP. F.
=245  10$aMarcela, ó, El asesino inocente :$bzarzuela en un acto : segunda parte /$cletra de Don F. P. y J. M. ; música de Don N. T.
=246  30$aAsesino inocente
=260  \\$aBarcelona :$bEn casa Juan Llorens, calle de la Palma de Santa Catalina,$c1859$f(Imp. de José Tauló, calle de la Tapineria, núm. 58)
=300  \\$a1 online resource
=336  \\$atext$2rdacontent
=337  \\$acomputer$2rdamedia
=338  \\$aonline resources$2rdacarrier
=500  \\$aText printed in two columns.
=500  \\$aIn verse.
=500  \\$aIllustration at head of title.
=500  \\$aCaption title.
=599  \\$aItem no. T30 in volume 12330.l.9.$5Uk
=533  \\$aElectronic Reproduction$bLondon$cBritish Library$d2012$nItem no. T30 in volume 12330.l.9.$5Uk
=650  \0$aSongs, Spanish$vTexts.
=650  \0$aMurderers.
=650  \4$aAsesinos.
=653  \0$aCanciones españolas--Textos.
=655  \7$aChapbooks$zSpain.$2rbgenr
=700  0\$aJ. M.
=752  \\$aSpain$dBarcelona.
=856  40$uhttp://cudl.lib.cam.ac.uk/view/PR-12330-L-00009-00030$yCambridge Digital Library
=859  \\$aXLD$bCambridge Digital Library
=CAT  \\$aWR14_159$b00$c20141016$lBLL01$h1656
=CAT  \\$aBATCH-UPD$b00$c20141016$lBLL01$h1709
=CAT  \\$aBATCH-UPD$b00$c20141016$lBLL01$h1715
=CAT  \\$aWR14_181$c20150323$lBLL01$h1403
=CAT  \\$aW1606-1753$c20171028$lBLL01$h1604
=SRC  \\$aBLWrongdoing
=LAS  \\$aW1606-1753$b00$c20171028$lBLL01$h1604

