=LDR  02150 am a2200469 a 4500
=001  016894207
=003  Uk
=005  20130816172233.0
=006  m\\\\||\\d\|\\\\\\
=007  cr\|||||||||||
=008  130816s1862\\\\sp\a\\\\o\\\\\000\0\spa\d
=FMT  \\$a  BK
=040  \\$aUkCU$beng$cUkCU$dUk
=245  03$aEl cautivo de Gerona :$bNueva relacion y copia de una carta que escribio a su padre un hijo, en que le dió á entender los tormentos que padecia en su cautiverio en la ciudad de Argel, como verá el lector : primera parte.
=246  30$aNueva relacion y copia de una carta que escribio á su padre un hijo
=260  \\$aValladolid :$bImprenta de Fernando Santaren,$c1862.
=300  \\$a1 online resource
=336  \\$atext$2rdacontent
=337  \\$acomputer$2rdamedia
=338  \\$aonline resources$2rdacarrier
=500  \\$aText printed in two columns.
=500  \\$aIn verse.
=500  \\$aIllustration incorporated within title; second part with additional illustration incorporated within title.
=500  \\$aCaption title.
=500  \\$aImprint from colophon.
=500  \\$aIn two parts. Part two has title: "El cautivo de Gerona: respuesta que envió el padre a su hijo consolandolo en sus trabajos y de la forma que fue rescatado : segunda parte."
=599  \\$aPt. 1 is item no. T33 in volume 12330.l.9; pt. 2 is item no. 34 in volume 12330.l.9.$5UkCU
=533  \\$aElectronic Reproduction$bLondon$cBritish Library$d2012$nPt. 1 is item no. T33 in volume 12330.l.9; pt. 2 is item no. 34 in volume 12330.l.9.$5Uk
=650  \0$aFathers and sons.
=650  \4$aPadres e hijos.
=650  \4$aCautivos.
=655  \7$aChapbooks$zSpain.$2rbgenr
=662  \\$aSpain$dGerona$2lcsh-naf
=662  \\$aAlgeria$2lcsh-naf
=752  \\$aSpain$dValladolid.
=856  40$uhttp://cudl.lib.cam.ac.uk/view/PR-12330-L-00009-00033$yCambridge Digital Library
=859  \\$aXLD$bCambridge Digital Library
=CAT  \\$aWR14_159$b00$c20141016$lBLL01$h1656
=CAT  \\$aWR14_181$c20150323$lBLL01$h1403
=CAT  \\$aW1606-1753$c20171028$lBLL01$h1604
=SRC  \\$aBLWrongdoing
=LAS  \\$aW1606-1753$b00$c20171028$lBLL01$h1604

