=LDR  02523 am a2200517 a 4500
=001  016894211
=003  Uk
=005  20130823141554.0
=006  m\\\\||\\d\|\\\\\\
=007  cr\|||||||||||
=008  130823s1862\\\\sp\a\\\\o\\\\\000\0\spa\d
=FMT  \\$a  BK
=040  \\$aUkCU$beng$cUkCU$dUk
=245  03$aLa renegada de Valladolid :$bRelacion de una muger natural de Valladolid que siendo cautiva negó la ley de nuestro Señor y se casó con un moro, donde estuvo veinte y seis años, y cómo cautivaron á un clérigo hermano suyo, el cual la sirvió tres años de esclavo sin conocerse : al cabo se conocieron por ciertas preguntas : el arrepentimiento de la renegada, y como fueron á Roma á reconciliarse con el Padre Santo : primera parte.
=246  30$aRelacion de una muger natural de Valladolid que siendo cautiva negó la ley de nuestro Señor y se casó con un moro
=260  \\$aValladolid :$bImprenta de Fernando Santaren,$c1862.
=300  \\$a1 online resource
=336  \\$atext$2rdacontent
=337  \\$acomputer$2rdamedia
=338  \\$aonline resources$2rdacarrier
=500  \\$aText printed in two columns.
=500  \\$aIn verse.
=500  \\$aIllustration incorporated within title.
=500  \\$aCaption title.
=500  \\$aImprint from colophon.
=500  \\$aIn two parts. Part two has title: "Dáse cuenta de la santa penitencia que hizo la renegada y cómo convirtio á dos hijos, sin conocer estos á su madre."
=599  \\$aItem no. T38 in volume 12330.l.9.$5Uk
=533  \\$aElectronic Reproduction$bLondon$cBritish Library$d2012$nItem no. T38 in volume 12330.l.9.$5Uk
=650  \0$aChristianity and other religions$xIslam.
=650  \0$aIslam$xRelations$xChristianity.
=650  \0$aRepentance$xChristianity.
=650  \4$aCristianismo y otras religiones$xIslamismo.
=650  \4$aIslamismo$xRelaciones$xCristianismo.
=650  \4$aArrepentimiento$xCristianismo.
=650  \4$aEsclavos.
=655  \7$aChapbooks$zSpain.$2rbgenr
=662  \\$aSpain$dValladolid$2lcsh-naf
=740  02$aDáse cuenta de la santa penitencia que hizo la renegada.
=752  \\$aSpain$dValladolid.
=856  40$uhttp://cudl.lib.cam.ac.uk/view/PR-12330-L-00009-00038$yCambridge Digital Library
=859  \\$aXLD$bCambridge Digital Library
=CAT  \\$aWR14_159$b00$c20141016$lBLL01$h1656
=CAT  \\$aWR14_181$c20150323$lBLL01$h1403
=CAT  \\$aW1606-1753$c20171028$lBLL01$h1604
=SRC  \\$aBLWrongdoing
=LAS  \\$aW1606-1753$b00$c20171028$lBLL01$h1604

