=LDR  03089 am a2200613 a 4500
=001  016894212
=003  Uk
=005  20130823142755.0
=006  m\\\\||\\d\|\\\\\\
=007  cr\|||||||||||
=008  130823s1861\\\\sp\a\\\\o\\\\\000\0\spa\d
=FMT  \\$a  BK
=040  \\$aUkCU$beng$cUkCU$dUk
=245  00$aDon Jacinto del Castillo y doña Leonor de la Rosa :$bNuevo romance en que se manifiestan los sucesos de don Jacinto del Castillo y doña Leonor de la Rosa, naturales de la ciudad de La Coruña : refiérense los amores de estos y la violencia que hizo su padre para que se casase con otro, al cual mataron, como igualmente á su padre y suegro, y se salieron de su tierra : primera parte.
=246  30$aNuevo romance en que se manifiestan los sucesos de don Jacinto del Castillo y doña Leonor de la Rosa
=260  \\$aValladolid :$bImprenta de Fernando Santaren,$c1861.
=300  \\$a1 online resource
=336  \\$atext$2rdacontent
=337  \\$acomputer$2rdamedia
=338  \\$aonline resources$2rdacarrier
=500  \\$aText printed in two columns.
=500  \\$aIn verse.
=500  \\$aIllustration incorporated within title; second part with additional illustration at head of title.
=500  \\$aCaption title.
=500  \\$aImprint from colophon.
=500  \\$aIn two parts. Part two has title: Segunda parte, en que se dá cuenta como se embarcaron para Venecia don Jacinto del Castillo y doña Leonor de la Rosa, y en la mitad del mar fueron apresados por unos corsarios berveriscos, que dieron con ellos en la ciudad de Argel donde los condenaron á ser quemados vivos por la fé de Jesucristo.
=599  \\$aItem no. T39 in volume 12330.l.9.$5Uk
=533  \\$aElectronic Reproduction$bLondon$cBritish Library$d2012$nItem no. T39 in volume 12330.l.9.$5Uk
=600  00$aJesus Christ$xDevotion to.
=600  04$aJesucristo$xDevoción a.
=650  \0$aArranged marriage.
=650  \0$aCrimes of passion.
=650  \0$aParricide.
=650  \4$aMatrimonio arreglado.
=650  \4$aCrímenes de pasión.
=650  \4$aPatricidio.
=650  \4$aLeonor de la Rosa (Fictitious character)
=650  \4$aJacinto del Castillo (Fictitious character)
=650  \4$aFernando de Contreras (Fictitious character)
=653  \1$aLeonor de la Rosa (Personaje ficticio)
=653  \1$aJacinto del Castillo (Personaje ficticio)
=653  \1$aFernando de Contreras (Personaje ficticio)
=655  \7$aChapbooks$zSpain.$2rbgenr
=662  \\$aSpain$dLa Coruña$2lcsh-naf
=662  \\$aAlgeria$2lcsh-naf
=740  02$aSegunda parte, en que se dá cuenta como se embarcaron para Venecia don Jacinto del Castillo y doña Leonor de la Rosa
=752  \\$aSpain$dValladolid.
=856  40$uhttp://cudl.lib.cam.ac.uk/view/PR-12330-L-00009-00039$yCambridge Digital Library
=859  \\$aXLD$bCambridge Digital Library
=CAT  \\$aWR14_159$b00$c20141016$lBLL01$h1656
=CAT  \\$aWR14_181$c20150323$lBLL01$h1403
=CAT  \\$aW1606-1753$c20171028$lBLL01$h1604
=SRC  \\$aBLWrongdoing
=LAS  \\$aW1606-1753$b00$c20171028$lBLL01$h1604

