=LDR  01829 am a2200469 a 4500
=001  016894213
=003  Uk
=005  20130823145102.0
=006  m\\\\||\\d\|\\\\\\
=007  cr\|||||||||||
=008  130823s1860\\\\sp\a\\\\o\\\\\000\0\spa\d
=FMT  \\$a  BK
=040  \\$aUkCU$beng$cUkCU$dUk
=100  1\$aFarinelo, Ignacio.
=245  10$aArte tunantesco, ó sea, Diálogo entro dos tunantes sobre las preeminecias, grados y recibimientos que tienen dichos tunos /$csu autor Ignacio Farinelo, graduado que fué en varias porterías de conventos.
=246  30$aDiálogo entro dos tunantes sobre las preeminecias, grados y recibimientos que tienen dichos tunos
=246  30$aEntre dos tunantes
=260  \\$aValladolid :$bImprenta de Fernando Santaren,$c1860.
=300  \\$a1 online resource
=336  \\$atext$2rdacontent
=337  \\$acomputer$2rdamedia
=338  \\$aonline resources$2rdacarrier
=500  \\$aText printed in two columns.
=500  \\$aIn verse.
=500  \\$aIllustration at head of title.
=500  \\$aCaption title.
=500  \\$aImprint from colophon.
=599  \\$aItem no. T40 in volume 12330.l.9.$5Uk
=533  \\$aElectronic Reproduction$bLondon$cBritish Library$d2012$nItem no. T40 in volume 12330.l.9.$5Uk
=650  \0$aSatire, Spanish.
=650  \0$aRogues and vagabonds.
=650  \4$aSátira española.
=650  \4$aPícaros.
=655  \7$aChapbooks$zSpain.$2rbgenr
=752  \\$aSpain$dValladolid.
=856  40$uhttp://cudl.lib.cam.ac.uk/view/PR-12330-L-00009-00040$yCambridge Digital Library
=859  \\$aXLD$bCambridge Digital Library
=CAT  \\$aWR14_159$b00$c20141016$lBLL01$h1656
=CAT  \\$aWR14_181$c20150323$lBLL01$h1403
=CAT  \\$aW1606-1753$c20171028$lBLL01$h1604
=SRC  \\$aBLWrongdoing
=LAS  \\$aW1606-1753$b00$c20171028$lBLL01$h1604

