=LDR  02299 am a2200493 a 4500
=001  016894216
=003  Uk
=005  20130823150120.0
=006  m\\\\||\\d\|\\\\\\
=007  cr\|||||||||||
=008  130823s1862\\\\sp\a\\\\o\\\\\000\0\spa\d
=FMT  \\$a  BK
=040  \\$aUkCU$beng$cUkCU$dUk
=043  \\$ae-sp---
=245  04$aLos bandidos de Toledo :$bPrimera parte : Curioso y nuevo romance en que se refiere la historia de los bandidos que habitaron los montes de Toledo, ejecutando en ellos notables atrocidades, con lo demas que verá el curioso lector.
=246  30$aCuriosa relacion en que se refiere la historia de una banda de facinerosos
=260  \\$aValladolid :$bImprenta de Fernando Santaren,$c1862.
=300  \\$a1 online resource
=336  \\$atext$2rdacontent
=337  \\$acomputer$2rdamedia
=338  \\$aonline resources$2rdacarrier
=500  \\$aText printed in two columns.
=500  \\$aIn verse.
=500  \\$aIllustration incorporated within title; second part with additional illustration at head of title.
=500  \\$aCaption title.
=500  \\$aImprint from colophon.
=500  \\$aIn two parts. Part two has title: "Segunda parte: Curioso y nuevo romance en que se refiere la historia de los bandidos que habitaron los montes de Toledo, ejecutando en ellos notables atrocidades, con lo demas que verá el curioso lector."
=599  \\$aItem no. T43 in volume 12330.l.9.$5Uk
=533  \\$aElectronic Reproduction$bLondon$cBritish Library$d2012$nItem no. T43 in volume 12330.l.9.$5Uk
=650  \0$aBrigands and robbers$zSpain$zToledo.
=650  \0$aViolent crimes.
=650  \4$aBandoleros$zEspaña$zToledo.
=650  \4$aDelitos violentos.
=655  \7$aChapbooks$zSpain.$2rbgenr
=662  \\$aSpain$dToledo$2lcsh-naf
=740  02$aCurioso y nuevo romance en que se refiere la historia de los bandidos que habitaron los montes de Toledo.
=752  \\$aSpain$dValladolid.
=856  40$uhttp://cudl.lib.cam.ac.uk/view/PR-12330-L-00009-00043$yCambridge Digital Library
=859  \\$aXLD$bCambridge Digital Library
=CAT  \\$aWR14_159$b00$c20141016$lBLL01$h1656
=CAT  \\$aWR14_181$c20150323$lBLL01$h1403
=CAT  \\$aW1606-1753$c20171028$lBLL01$h1604
=SRC  \\$aBLWrongdoing
=LAS  \\$aW1606-1753$b00$c20171028$lBLL01$h1604

