=LDR  01726 am a2200457 a 4500
=001  016894217
=003  Uk
=005  20130823150620.0
=006  m\\\\||\\d\|\\\\\\
=007  cr\|||||||||||
=008  130823s1861\\\\sp\a\\\\o\\\\\000\0\spa\d
=FMT  \\$a  BK
=040  \\$aUkCU$beng$cUkCU$dUk
=245  00$aCarta amorosa que dirije un amante á su dama, compuesta en trovos nuevos.
=260  \\$aValladolid :$bImprenta de Fernando Santaren,$c1861.
=300  \\$a1 online resource
=336  \\$atext$2rdacontent
=337  \\$acomputer$2rdamedia
=338  \\$aonline resources$2rdacarrier
=500  \\$aText printed in two columns.
=500  \\$aIn verse.
=500  \\$aIllustration at head of title; additional illustration at head of p. 3.
=500  \\$aCaption title.
=500  \\$aImprint from colophon.
=500  \\$a"Respuesta de la dama á su fino amante en otros trovos nuevos": p. [3].
=599  \\$aItem no. T44 in volume 12330.l.9.$5Uk
=533  \\$aElectronic Reproduction$bLondon$cBritish Library$d2012$nItem no. T44 in volume 12330.l.9.$5Uk
=650  \0$aMan-woman relationships.
=650  \0$aCourtship.
=650  \4$aRelaciones hombre-mujer.
=650  \4$aCortejo amoroso.
=655  \7$aChapbooks$zSpain.$2rbgenr
=740  02$aRespuesta de la dama á su fino amante en otros trovos nuevos.
=752  \\$aSpain$dValladolid.
=856  40$uhttp://cudl.lib.cam.ac.uk/view/PR-12330-L-00009-00044$yCambridge Digital Library
=859  \\$aXLD$bCambridge Digital Library
=CAT  \\$aWR14_159$b00$c20141016$lBLL01$h1656
=CAT  \\$aWR14_181$c20150323$lBLL01$h1403
=CAT  \\$aW1606-1753$c20171028$lBLL01$h1604
=SRC  \\$aBLWrongdoing
=LAS  \\$aW1606-1753$b00$c20171028$lBLL01$h1604

