=LDR  01594 am a2200433 a 4500
=001  016894218
=003  Uk
=005  20130823151451.0
=006  m\\\\||\\d\|\\\\\\
=007  cr\|||||||||||
=008  130823s1864\\\\sp\a\\\\o\\\\\000\0\spa\d
=FMT  \\$a  BK
=040  \\$aUkCU$beng$cUkCU$dUk
=245  00$aHistoria de la urraca ladrona :$bmaravillosa tradicion acaecida en Francia a ultimos del siglo pasado, cuyo personaje principal fue un ave.
=260  \\$aMadrid :$bImprenta de Marés y compañía, plazuela de la Cebada, núm. 13,$c1864.
=300  \\$a1 online resource
=336  \\$atext$2rdacontent
=337  \\$acomputer$2rdamedia
=338  \\$aonline resources$2rdacarrier
=500  \\$aIn prose.
=500  \\$aIllustration at head of title; additional illustration at foot of p. 10.
=500  \\$aCaption title.
=500  \\$a"(Tres pliegos.)"
=599  \\$aItem no. T45 in volume 12330.l.9.$5Uk
=533  \\$aElectronic Reproduction$bLondon$cBritish Library$d2012$nItem no. T45 in volume 12330.l.9.$5Uk
=650  \0$aMagpies.
=650  \0$aThieves.
=650  \4$aUrracas.
=650  \4$aLadrones.
=655  \7$aChapbooks$zSpain.$2rbgenr
=662  \\$aFrance$2lcsh-naf
=752  \\$aSpain$dMadrid.
=856  40$uhttp://cudl.lib.cam.ac.uk/view/PR-12330-L-00009-00045$yCambridge Digital Library
=859  \\$aXLD$bCambridge Digital Library
=CAT  \\$aWR14_159$b00$c20141016$lBLL01$h1656
=CAT  \\$aWR14_181$c20150323$lBLL01$h1403
=CAT  \\$aW1606-1753$c20171028$lBLL01$h1604
=SRC  \\$aBLWrongdoing
=LAS  \\$aW1606-1753$b00$c20171028$lBLL01$h1604

