=LDR  01814 am a2200457 a 4500
=001  016894219
=003  Uk
=005  20130823153115.0
=006  m\\\\||\\d\|\\\\\\
=007  cr\|||||||||||
=008  130823s1861\\\\sp\a\\\\o\\\\\000\0\spa\d
=FMT  \\$a  BK
=040  \\$aUkCU$beng$cUkCU$dUk
=245  00$aHistoria de D. Pedro el Cruel, rey de Castilla :$by reseña de los principales sucesos en su reinado.
=246  30$aHistoria de Don Pedro el Cruel
=260  \\$aMadrid :$bImprenta de D. José María Marés, plazuela de la Cebada, núm. 96,$c1861.
=300  \\$a1 online resource
=336  \\$atext$2rdacontent
=337  \\$acomputer$2rdamedia
=338  \\$aonline resources$2rdacarrier
=500  \\$aIn prose.
=500  \\$aIllustration at head of title; with additional illustrations.
=500  \\$aCaption title.
=500  \\$a"(Tres pliegos.)"
=599  \\$aItem no. T46 in volume 12330.l.9.$5Uk
=533  \\$aElectronic Reproduction$bLondon$cBritish Library$d2012$nItem no. T46 in volume 12330.l.9.$5Uk
=600  00$aPedro$bI,$cKing of Castile and Leon,$d1334-1369.
=651  \0$aCastile (Spain)$xHistory$yPeter I, 1350-1369.
=651  \4$aCastilla (España)$xHistoria$yPedro I, 1350-1369.
=653  \1$aPedro, I, Rey de Castilla y León, 1334-1369.
=655  \7$aChapbooks$zSpain.$2rbgenr
=662  \\$aSpain$dCastille$2lcsh-naf
=752  \\$aSpain$dMadrid.
=856  40$uhttp://cudl.lib.cam.ac.uk/view/PR-12330-L-00009-00046$yCambridge Digital Library
=859  \\$aXLD$bCambridge Digital Library
=CAT  \\$aWR14_159$b00$c20141016$lBLL01$h1656
=CAT  \\$aBATCH-UPD$b00$c20141016$lBLL01$h1709
=CAT  \\$aWR14_181$c20150323$lBLL01$h1403
=CAT  \\$aW1606-1753$c20171028$lBLL01$h1604
=SRC  \\$aBLWrongdoing
=LAS  \\$aW1606-1753$b00$c20171028$lBLL01$h1604

