=LDR  01750 am a2200469 a 4500
=001  016894220
=003  Uk
=005  20130823154104.0
=006  m\\\\||\\d\|\\\\\\
=007  cr\|||||||||||
=008  130823s1861\\\\sp\a\\\\o\\\\\000\0\spa\d
=FMT  \\$a  BK
=040  \\$aUkCU$beng$cUkCU$dUk
=245  00$aHistoria de las graciosas y divertidas aventuras del picaro Guzman de Alfarache :$ben que incluye El arancel de los necios y las ordenanzas mendica tivas.
=246  30$aGuzman de Alfarache
=246  30$aArancel de los necios
=260  \\$aValladolid :$bImprenta de D. Dámaso Santaren,$c1850.
=300  \\$a1 online resource
=336  \\$atext$2rdacontent
=337  \\$acomputer$2rdamedia
=338  \\$aonline resources$2rdacarrier
=500  \\$aIn prose.
=500  \\$aIllustration at head of title.
=500  \\$aCaption title.
=500  \\$a"(Pliegos 4.)"
=599  \\$aItem no. T47 in volume 12330.l.9.$5Uk
=533  \\$aElectronic Reproduction$bLondon$cBritish Library$d2012$nItem no. T47 in volume 12330.l.9.$5Uk
=600  00$aGuzmán de Alfarache,$d1905-1986.
=650  \0$aRogues and vagabonds.
=650  \4$aPícaros.
=655  \7$aChapbooks$zSpain.$2rbgenr
=752  \\$aSpain$dValladolid.
=856  40$uhttp://cudl.lib.cam.ac.uk/view/PR-12330-L-00009-00047$yCambridge Digital Library
=859  \\$aXLD$bCambridge Digital Library
=CAT  \\$aWR14_159$b00$c20141016$lBLL01$h1656
=CAT  \\$aBATCH-UPD$b00$c20141016$lBLL01$h1715
=CAT  \\$aBATCH-UPD$b00$c20141213$lBLL01$h0418
=CAT  \\$aWR14_181$c20150323$lBLL01$h1403
=CAT  \\$aW1606-1753$c20171028$lBLL01$h1604
=CAT  \\$aBATCH-UPD$b00$c20190504$lBLL01$h1712
=SRC  \\$aBLWrongdoing
=LAS  \\$aBATCH-UPD$b00$c20190504$lBLL01$h1712

