=LDR  01639 am a2200445 a 4500
=001  016894221
=003  Uk
=005  20130823155136.0
=006  m\\\\||\\d\|\\\\\\
=007  cr\|||||||||||
=008  130823s1857\\\\sp\a\\\\o\\\\\000\0\spa\d
=FMT  \\$a  BK
=040  \\$aUkCU$beng$cUkCU$dUk
=245  00$aVeridica y maravillosa historia de las celebres aventuras de Alejo Collet, o sea, el doctor en la ciencia de la estafa.
=246  30$aDe Alejo Collet
=260  \\$aMadrid :$bSe hallará de venta en la plaza de la Cebada, núm. 96,$c1857.
=300  \\$a1 online resource
=336  \\$atext$2rdacontent
=337  \\$acomputer$2rdamedia
=338  \\$aonline resources$2rdacarrier
=500  \\$aIn prose.
=500  \\$aIllustration at head of title.
=500  \\$aCaption title.
=500  \\$a"(Cuatro pliegos.)"
=599  \\$aItem no. T48 in volume 12330.l.9.$5Uk
=533  \\$aElectronic Reproduction$bLondon$cBritish Library$d2012$nItem no. T48 in volume 12330.l.9.$5Uk
=650  \4$aAlejo Collet (Fictitious character)
=650  \0$aSwindlers and swindling.
=650  \0$aEstafadores y estafa.
=653  \1$aAlejo Collet (Personaje ficticio)
=655  \7$aChapbooks$zSpain.$2rbgenr
=662  \\$aFrance$2lcsh-naf
=752  \\$aSpain$dValladolid.
=856  40$uhttp://cudl.lib.cam.ac.uk/view/PR-12330-L-00009-00048$yCambridge Digital Library
=859  \\$aXLD$bCambridge Digital Library
=CAT  \\$aWR14_159$b00$c20141016$lBLL01$h1656
=CAT  \\$aWR14_181$c20150323$lBLL01$h1403
=CAT  \\$aW1606-1753$c20171028$lBLL01$h1604
=SRC  \\$aBLWrongdoing
=LAS  \\$aW1606-1753$b00$c20171028$lBLL01$h1604

