=LDR  01606 am a2200445 a 4500
=001  016894222
=003  Uk
=005  20130823155905.0
=006  m\\\\||\\d\|\\\\\\
=007  cr\|||||||||||
=008  130823s1863\\\\sp\a\\\\o\\\\\000\0\spa\d
=FMT  \\$a  BK
=040  \\$aUkCU$beng$cUkCU$dUk
=245  00$aHistoria de Pablo y Virginia.
=246  30$aPablo y Virginia
=260  \\$aValladolid :$bImp. de Santaren, portales de Espadería, núm. 25$c1863.
=300  \\$a1 online resource
=336  \\$atext$2rdacontent
=337  \\$acomputer$2rdamedia
=338  \\$aonline resources$2rdacarrier
=500  \\$a"Cancion lamentable de Pablo y Virginia" is printed in one column.
=500  \\$aIn prose, with some verse.
=500  \\$aIllustration at head of title.
=500  \\$aCaption title.
=500  \\$a"(Pliegos 3.)"
=500  \\$a"Cancion lamentable de Pablo y Virginia": p. 19.
=599  \\$aItem no. T49 in volume 12330.l.9.$5Uk
=533  \\$aElectronic Reproduction$bLondon$cBritish Library$d2012$nItem no. T49 in volume 12330.l.9.$5Uk
=650  \0$aShipwrecks.
=650  \4$aNaufragios.
=655  \7$aChapbooks$zSpain.$2rbgenr
=740  02$aCancion lamentable de Pablo y Virginia.
=752  \\$aSpain$dValladolid.
=856  40$uhttp://cudl.lib.cam.ac.uk/view/PR-12330-L-00009-00049$yCambridge Digital Library
=859  \\$aXLD$bCambridge Digital Library
=CAT  \\$aWR14_159$b00$c20141016$lBLL01$h1656
=CAT  \\$aWR14_181$c20150323$lBLL01$h1403
=CAT  \\$aW1606-1753$c20171028$lBLL01$h1604
=SRC  \\$aBLWrongdoing
=LAS  \\$aW1606-1753$b00$c20171028$lBLL01$h1604

