=LDR  01706 am a2200445 a 4500
=001  016894223
=003  Uk
=005  20130823160419.0
=006  m\\\\||\\d\|\\\\\\
=007  cr\|||||||||||
=008  130823s1863\\\\sp\a\\\\o\\\\\000\0\spa\d
=FMT  \\$a  BK
=040  \\$aUkCU$beng$cUkCU$dUk
=245  00$aHistoria del gran capitan Gonzalo de Córdoba y sus amores con Zulema.
=246  30$aGonzalo de Córdoba
=260  \\$aMadrid :$bImprenta de Marés y compañia, plazuela de la Cebada, num. 13,$c1863.
=300  \\$a1 online resource
=336  \\$atext$2rdacontent
=337  \\$acomputer$2rdamedia
=338  \\$aonline resources$2rdacarrier
=500  \\$aIn prose.
=500  \\$aIllustration at head of title; additional illustration at foot of p. 24.
=500  \\$aCaption title.
=500  \\$a"(Tres pliegos.)"
=599  \\$aItem no. T50 in volume 12330.l.9.$5Uk
=533  \\$aElectronic Reproduction$bLondon$cBritish Library$d2012$nItem no. T50 in volume 12330.l.9.$5Uk
=600  10$aFernández de Córdoba, Gonzalo,$d1453-1515.
=650  \0$aChristianity and other religions$xIslam.
=650  \0$aIslam$xRelations$xChristianity.
=650  \4$aCristianismo y otras religiones$xIslamismo.
=650  \4$aIslamismo$xRelaciones$xCristianismo.
=655  \7$aChapbooks$zSpain.$2rbgenr
=752  \\$aSpain$dMadrid.
=856  40$uhttp://cudl.lib.cam.ac.uk/view/PR-12330-L-00009-00050$yCambridge Digital Library
=859  \\$aXLD$bCambridge Digital Library
=CAT  \\$aWR14_159$b00$c20141016$lBLL01$h1656
=CAT  \\$aWR14_181$c20150323$lBLL01$h1403
=CAT  \\$aW1606-1753$c20171028$lBLL01$h1604
=SRC  \\$aBLWrongdoing
=LAS  \\$aW1606-1753$b00$c20171028$lBLL01$h1604

