=LDR  01867 am a2200457 a 4500
=001  016894224
=003  Uk
=005  20130823165114.0
=006  m\\\\||\\d\|\\\\\\
=007  cr\|||||||||||
=008  130823q18191900sp\a\\\\o\\\\\000\0\spa\d
=FMT  \\$a  BK
=040  \\$aUkCU$beng$cUkCU$dUk
=100  1\$aMartín, Manuel José.
=245  10$aHistoria verdadera de la pérdida y restauracion de España por D. Pelayo y D. García Gimenez de Aragón :$bsacada de Don Rodrigo, Morales, Pira, Juliano, y varios manuscritos antiguos /$csu autor, Don Manuel José Martin.
=260  \\$aReimpresa en Valladolid :$bEn la oficina de Dámaso Santaren,$c[between 1819 and 1900?]
=300  \\$a1 online resource
=336  \\$atext$2rdacontent
=337  \\$acomputer$2rdamedia
=338  \\$aonline resources$2rdacarrier
=500  \\$aIn prose; includes summary.
=500  \\$aIllustration at head of title.
=500  \\$aCaption title.
=500  \\$a"(Pliegos 3.)"
=599  \\$aItem no. T51 in volume 12330.l.9.$5Uk
=533  \\$aElectronic Reproduction$bLondon$cBritish Library$d2012$nItem no. T51 in volume 12330.l.9.$5Uk
=600  00$aRoderick,$cKing of the Visigoths,$d-711?.
=600  04$aRodrigo, Rey de los Visigodos, -711?
=651  \0$aSpain$xHistory$yGothic period, 414-711.
=651  \4$aEspaña$xHistoria$y711-1516.
=655  \7$aChapbooks$zSpain.$2rbgenr
=662  \\$aSpain$2lcsh-naf
=752  \\$aSpain$dValladolid.
=856  40$uhttp://cudl.lib.cam.ac.uk/view/PR-12330-L-00009-00051$yCambridge Digital Library
=859  \\$aXLD$bCambridge Digital Library
=CAT  \\$aWR14_159$b00$c20141016$lBLL01$h1656
=CAT  \\$aBATCH-UPD$b00$c20141016$lBLL01$h1709
=CAT  \\$aWR14_181$c20150323$lBLL01$h1403
=CAT  \\$aW1606-1753$c20171028$lBLL01$h1604
=SRC  \\$aBLWrongdoing
=LAS  \\$aW1606-1753$b00$c20171028$lBLL01$h1604

