=LDR  01751 am a2200457 a 4500
=001  016894225
=003  Uk
=005  20130823165732.0
=006  m\\\\||\\d\|\\\\\\
=007  cr\|||||||||||
=008  130823s1862\\\\sp\a\\\\o\\\\\000\0\spa\d
=FMT  \\$a  BK
=040  \\$aUkCU$beng$cUkCU$dUk
=245  00$aHistoria de los subterraneos de la Alhambra, ó, Los amores de Aben-Amed, descendiente de los reyes moros de Granada.
=246  30$aSubterraneos de la Alhambra
=246  33$aAmores de Aben-Amed
=260  \\$aMadrid :$bImprenta de D. José M. Marés, plazuela de la Cebada, núm. 96,$c1862.
=300  \\$a1 online resource
=336  \\$atext$2rdacontent
=337  \\$acomputer$2rdamedia
=338  \\$aonline resources$2rdacarrier
=500  \\$aIn prose.
=500  \\$aIllustration at head of title.
=500  \\$aCaption title.
=500  \\$a"(Cuatro pliegos.)"
=599  \\$aItem no. T52 in volume 12330.l.9.$5Uk
=533  \\$aElectronic Reproduction$bLondon$cBritish Library$d2012$nItem no. T52 in volume 12330.l.9.$5Uk
=650  \0$aChristianity and other religions$xIslam.
=650  \0$aIslam$xRelations$xChristianity.
=650  \4$aCristianismo y otras religiones$xIslamismo.
=650  \4$aIslamismo$xRelaciones$xCristianismo.
=655  \7$aChapbooks$zSpain.$2rbgenr
=662  \\$aSpain$gAlhambra (Granada)$2lcsh-naf
=752  \\$aSpain$dValladolid.
=856  40$uhttp://cudl.lib.cam.ac.uk/view/PR-12330-L-00009-00052$yCambridge Digital Library
=859  \\$aXLD$bCambridge Digital Library
=CAT  \\$aWR14_159$b00$c20141016$lBLL01$h1656
=CAT  \\$aWR14_181$c20150323$lBLL01$h1403
=CAT  \\$aW1606-1753$c20171028$lBLL01$h1604
=SRC  \\$aBLWrongdoing
=LAS  \\$aW1606-1753$b00$c20171028$lBLL01$h1604

