=LDR  01789 am a2200433 a 4500
=001  016894226
=003  Uk
=005  20130823170422.0
=006  m\\\\||\\d\|\\\\\\
=007  cr\|||||||||||
=008  130823s1857\\\\sp\a\\\\o\\\\\000\0\spa\d
=FMT  \\$a  BK
=040  \\$aUkCU$beng$cUkCU$dUk
=245  00$aHistoria de Don Rodrigo Diaz de Vivar, por sobrenombre El Cid Campeador :$bse refiere lo mucho que persiguió á los moros cuando dominaron en España, desde su juventud hasta que murió, sus acciones de guerra, virtudes y constancia en defender la religion cristiana.
=246  30$aCid Campeador
=260  \\$aValladolid :$bImprenta de Don Dámaso Santaren,$c1857.
=300  \\$a1 online resource
=336  \\$atext$2rdacontent
=337  \\$acomputer$2rdamedia
=338  \\$aonline resources$2rdacarrier
=500  \\$aSome text printed in two columns.
=500  \\$aIn prose, with some verse.
=500  \\$aIllustration at head of title.
=500  \\$aCaption title.
=500  \\$a"(Pliegos 4.)"
=500  \\$a"Lista de las historias que se hallan, ademas de esta, en dicha oficina": p. [31-32].
=599  \\$aItem no. T53 in volume 12330.l.9.$5Uk
=533  \\$aElectronic Reproduction$bLondon$cBritish Library$d2012$nItem no. T53 in volume 12330.l.9.$5Uk
=600  10$aCid,$dca. 1043-1099.
=655  \7$aChapbooks$zSpain.$2rbgenr
=662  \\$aSpain$2lcsh-naf
=752  \\$aSpain$dValladolid.
=856  40$uhttp://cudl.lib.cam.ac.uk/view/PR-12330-L-00009-00053$yCambridge Digital Library
=859  \\$aXLD$bCambridge Digital Library
=CAT  \\$aWR14_159$b00$c20141016$lBLL01$h1656
=CAT  \\$aWR14_181$c20150323$lBLL01$h1403
=CAT  \\$aW1606-1753$c20171028$lBLL01$h1604
=SRC  \\$aBLWrongdoing
=LAS  \\$aW1606-1753$b00$c20171028$lBLL01$h1604

