=LDR  01594 am a2200421 a 4500
=001  016894227
=003  Uk
=005  20130823171251.0
=006  m\\\\||\\d\|\\\\\\
=007  cr\|||||||||||
=008  130823s1857\\\\sp\a\\\\o\\\\\000\0\spa\d
=FMT  \\$a  BK
=040  \\$aUkCU$beng$cUkCU$dUk
=245  00$aHistoria de los amores de Matilde y Malek-Adhel, ó, Memorias sacadas de la historia de las cruzadas.
=246  33$aMemorias sacadas de la historia de las cruzadas
=260  \\$aMadrid :$bImprenta de D. Jose Maria Mares, Plazuela de la Cebada, núm. 96,$c1857.
=300  \\$a1 online resource
=336  \\$atext$2rdacontent
=337  \\$acomputer$2rdamedia
=338  \\$aonline resources$2rdacarrier
=500  \\$aIn prose.
=500  \\$aIllustration at head of title; additional illustration on p. 12.
=500  \\$aCaption title.
=500  \\$a"(Tres pliegos.)"
=599  \\$aItem no. T54 in volume 12330.l.9.$5Uk
=533  \\$aElectronic Reproduction$bLondon$cBritish Library$d2012$nItem no. T54 in volume 12330.l.9.$5Uk
=650  \0$aCrusades.
=650  \4$aCruzadas.
=655  \7$aChapbooks$zSpain.$2rbgenr
=700  1\$aCottin,$cMadame$q(Sophie),$d1770-1807.$tMathilde.
=752  \\$aSpain$dMadrid.
=856  40$uhttp://cudl.lib.cam.ac.uk/view/PR-12330-L-00009-00054$yCambridge Digital Library
=859  \\$aXLD$bCambridge Digital Library
=CAT  \\$aWR14_159$b00$c20141016$lBLL01$h1656
=CAT  \\$aWR14_181$c20150323$lBLL01$h1403
=CAT  \\$aW1606-1753$c20171028$lBLL01$h1604
=SRC  \\$aBLWrongdoing
=LAS  \\$aW1606-1753$b00$c20171028$lBLL01$h1604

