=LDR  01491 am a2200433 a 4500
=001  016894228
=003  Uk
=005  20130823171943.0
=006  m\\\\||\\d\|\\\\\\
=007  cr\|||||||||||
=008  130823s1850\\\\sp\a\\\\o\\\\\000\0\spa\d
=FMT  \\$a  BK
=040  \\$aUkCU$beng$cUkCU$dUk
=245  00$aHistoria del castillo misterioso, ó sea, El huerfano heredero de Roberto de Mowbray.
=246  33$aHuerfano heredero de Roberto de Mowbray
=260  \\$aValladolid :$bImprenta de Damaso Santaren,$c1850.
=300  \\$a1 online resource
=336  \\$atext$2rdacontent
=337  \\$acomputer$2rdamedia
=338  \\$aonline resources$2rdacarrier
=500  \\$aIn prose.
=500  \\$aIllustration at head of title.
=500  \\$aCaption title.
=500  \\$a"(Pliegos 3.)"
=599  \\$aItem no. T55 in volume 12330.l.9.$5Uk
=533  \\$aElectronic Reproduction$bLondon$cBritish Library$d2012$nItem no. T55 in volume 12330.l.9.$5Uk
=650  \0$aCastles.
=650  \0$aOrphans.
=650  \4$aCastillos.
=650  \4$aHuérfanos.
=655  \7$aChapbooks$zSpain.$2rbgenr
=752  \\$aSpain$dValladolid.
=856  40$uhttp://cudl.lib.cam.ac.uk/view/PR-12330-L-00009-00055$yCambridge Digital Library
=859  \\$aXLD$bCambridge Digital Library
=CAT  \\$aWR14_159$b00$c20141016$lBLL01$h1656
=CAT  \\$aWR14_181$c20150323$lBLL01$h1403
=CAT  \\$aW1606-1753$c20171028$lBLL01$h1604
=SRC  \\$aBLWrongdoing
=LAS  \\$aW1606-1753$b00$c20171028$lBLL01$h1604

