=LDR  01556 am a2200445 a 4500
=001  016894229
=003  Uk
=005  20130823172311.0
=006  m\\\\||\\d\|\\\\\\
=007  cr\|||||||||||
=008  130823s1863\\\\sp\a\\\\o\\\\\000\0\spa\d
=FMT  \\$a  BK
=040  \\$aUkCU$beng$cUkCU$dUk
=245  00$aHistoria de Aladino, ó, La lampara maravillosa.
=246  33$aLampara maravillosa
=260  \\$aValladolid :$bImprenta de Fernando Santaren,$c1863.
=300  \\$a1 online resource
=336  \\$atext$2rdacontent
=337  \\$acomputer$2rdamedia
=338  \\$aonline resources$2rdacarrier
=500  \\$aText printed in two columns.
=500  \\$aIn prose.
=500  \\$aIllustration at head of title; additional illustrations on p. 16 and 24.
=500  \\$aCaption title.
=500  \\$a"(4 pliegos.)"
=599  \\$aItem no. T56 in volume 12330.l.9.$5Uk
=533  \\$aElectronic Reproduction$bLondon$cBritish Library$d2012$nItem no. T56 in volume 12330.l.9.$5Uk
=650  \0$aMagic.
=650  \0$aAladdin (Legendary character)
=650  \4$aMagia.
=653  \1$aAladino (Personaje legendario)
=655  \7$aChapbooks$zSpain.$2rbgenr
=752  \\$aSpain$dValladolid.
=856  40$uhttp://cudl.lib.cam.ac.uk/view/PR-12330-L-00009-00056$yCambridge Digital Library
=859  \\$aXLD$bCambridge Digital Library
=CAT  \\$aWR14_159$b00$c20141016$lBLL01$h1656
=CAT  \\$aWR14_181$c20150323$lBLL01$h1403
=CAT  \\$aW1606-1753$c20171028$lBLL01$h1604
=SRC  \\$aBLWrongdoing
=LAS  \\$aW1606-1753$b00$c20171028$lBLL01$h1604

