=LDR  01767 am a2200445 a 4500
=001  016894230
=003  Uk
=005  20130829155935.0
=006  m\\\\||\\d\|\\\\\\
=007  cr\|||||||||||
=008  130829s1860\\\\sp\a\\\\o\\\\\000\0\spa\d
=FMT  \\$a  BK
=040  \\$aUkCU$beng$cUkCU$dUk
=245  00$aHistoria del cura Merino :$bRelacion exacta de todos los hechos de este célebre guerrillero, tanto durante la guerra llamada de la Independencia en 1808 como en las dos civiles del 20 y 34, emigracion á Francia hasta su muerte.
=246  30$aRelacion exacta de todos los hechos de este célebre guerrillero
=246  17$aHistoria de Merino
=260  \\$aValladolid :$bImprenta de Fernando Santaren, portales de la Espadería, núm. 9,$c1860.
=300  \\$a1 online resource
=336  \\$atext$2rdacontent
=337  \\$acomputer$2rdamedia
=338  \\$aonline resources$2rdacarrier
=500  \\$aIn prose.
=500  \\$aIllustration at head of title.
=500  \\$aCaption title.
=500  \\$a"(Dos pliegos.)"
=599  \\$aItem no. T1 in volume 12330.l.10.$5Uk
=533  \\$aElectronic Reproduction$bLondon$cBritish Library$d2012$nItem no. T1 in volume 12330.l.10.$5Uk
=600  10$aMerino, Jerónimo,$d1769-1844.
=650  \0$aPriests.
=650  \4$aSacerdotes.
=655  \7$aChapbooks$zSpain.$2rbgenr
=662  \\$aFrance$2lcsh-naf
=752  \\$aSpain$dValladolid.
=856  40$uhttp://cudl.lib.cam.ac.uk/view/PR-12330-L-00010-00001$yCambridge Digital Library
=859  \\$aXLD$bCambridge Digital Library
=CAT  \\$aWR14_159$b00$c20141016$lBLL01$h1656
=CAT  \\$aWR14_181$c20150323$lBLL01$h1403
=CAT  \\$aW1606-1753$c20171028$lBLL01$h1604
=SRC  \\$aBLWrongdoing
=LAS  \\$aW1606-1753$b00$c20171028$lBLL01$h1604

