=LDR  01958 am a2200505 a 4500
=001  016894237
=003  Uk
=005  20130829170406.0
=006  m\\\\||\\d\|\\\\\\
=007  cr\|||||||||||
=008  130829s1843\\\\sp\a\\\\o\\\\\000\p\spa\\
=FMT  \\$a  BK
=040  \\$aUkCU$beng$cUkCU$dUk
=245  00$aHorroroso sacrilegio que han ejecutado dos jòvenes de 20 y 22 años, llamados Juan Ramirez y Agustin Carrera :$by el formidable castigo que Dios les enviò á vista del pueblo en esta pasada cuaresma del presente año 1843.
=260  \\$aMadrid :$bImprenta de José M. Marés, calle de Preciados, núm. 52 ...,$c1843.
=300  \\$a1 online resource
=336  \\$atext$2rdacontent
=337  \\$acomputer$2rdamedia
=338  \\$aonline resources$2rdacarrier
=500  \\$aText printed in two columns.
=500  \\$aIllustration at head of title.
=500  \\$aIn verse.
=500  \\$aCaption title.
=500  \\$aImprint from colophon.
=599  \\$aItem no. T9 in volume 12330.l.10.$5Uk
=533  \\$aElectronic Reproduction$bLondon$cBritish Library$d2012$nItem no. T9 in volume 12330.l.10.$5Uk
=650  \4$aJuan Ramírez (Fictitious character)
=650  \4$aAgustín Carrera (Fictitious character)
=650  \0$aJudgment of God.
=650  \0$aChristianity and justice.
=650  \0$aSacrilege.
=650  \4$aSacrilegio.
=650  \4$aLobos.
=653  \0$aJusticia divina.
=653  \1$aJuan Ramírez (Personaje ficticio)
=653  \1$aAgustín Carrera (Personaje ficticio)
=655  \7$aChapbooks$zSpain.$2rbgenr
=752  \\$aSpain$dMadrid.
=856  40$uhttp://cudl.lib.cam.ac.uk/view/PR-12330-L-00010-00009$yCambridge Digital Library
=859  \\$aXLD$bCambridge Digital Library
=CAT  \\$aWR14_159$b00$c20141016$lBLL01$h1656
=CAT  \\$aWR14_181$c20150323$lBLL01$h1403
=CAT  \\$aW1606-1753$c20171028$lBLL01$h1604
=SRC  \\$aBLWrongdoing
=LAS  \\$aW1606-1753$b00$c20171028$lBLL01$h1604

