=LDR  02135 am a2200481 a 4500
=001  016894240
=003  Uk
=005  20130830121944.0
=006  m\\\\||\\d\|\\\\\\
=007  cr\|||||||||||
=008  130830s1849\\\\sp\a\\\\o\\\\\000\0\spa\d
=FMT  \\$a  BK
=040  \\$aUkCU$beng$cUkCU$dUk
=245  00$aVerdadero y lastimoso romance en que se refiere el crimen cometido por un matrimonio en la villa de Moron de la Frontera, á consecuencia de no haber querido casarse una hija con el jóven que sus padres la propusieron :$by hallándose ya esta en cinta del jóven á quien apreciaba y próxima al parto, la arrojaron en un horno, cuyo delito fué descubierto por una niña de siete años : refiérese el castigo que sufrieron, condenándoles el tribunal á la última pena el 13 de enero del presente año de 1849, como verá el curioso lector.
=260  \\$aReimpreso en Valladolid :$bImprenta de Dámaso Santaren,$c1849.
=300  \\$a1 online resource
=336  \\$atext$2rdacontent
=337  \\$acomputer$2rdamedia
=338  \\$aonline resources$2rdacarrier
=500  \\$aText printed in two columns.
=500  \\$aIn verse.
=500  \\$aIllustration at head of title.
=500  \\$aCaption title.
=500  \\$aImprint from colophon.
=500  \\$aIn two parts.
=599  \\$aItem no. T15 in volume 12330.l.10.$5Uk
=533  \\$aElectronic Reproduction$bLondon$cBritish Library$d2012$nItem no. T15 in volume 12330.l.10.$5Uk
=650  \0$aAbusive parents.
=650  \0$aHomicide.
=650  \0$aCapital punishment.
=650  \4$aPena de muerte.
=650  \4$aHomicidio.
=650  \4$aFuego.
=655  \7$aChapbooks$zSpain.$2rbgenr
=662  \\$aSpain$dMorón de la Frontera$2lcsh-naf
=752  \\$aSpain$dValladolid.
=856  40$uhttp://cudl.lib.cam.ac.uk/view/PR-12330-L-00010-00015$yCambridge Digital Library
=859  \\$aXLD$bCambridge Digital Library
=CAT  \\$aWR14_159$b00$c20141016$lBLL01$h1656
=CAT  \\$aWR14_181$c20150323$lBLL01$h1403
=CAT  \\$aW1606-1753$c20171028$lBLL01$h1604
=SRC  \\$aBLWrongdoing
=LAS  \\$aW1606-1753$b00$c20171028$lBLL01$h1604

