=LDR  01605 am a2200421 a 4500
=001  016894241
=003  Uk
=005  20130830123510.0
=006  m\\\\||\\d\|\\\\\\
=007  cr\|||||||||||
=008  130830q18341920sp\a\\\\o\\\\\000\0\cat\d
=FMT  \\$a  BK
=040  \\$aUkCU$beng$cUkCU$dUk
=100  1\$aMones, Benet.
=245  10$aPronostich natural y verdader, calculat del meridiano de Catalunya, Aragó y Valencia /$ccompost per Benet Mones, estudiant en arts en la Universitat de Barcelona.
=260  \\$aBarcelona :$bEn la Imprenta dels hereus de la Viuda Pla, carrer dels Cotoners,$c[between 1834 and 1920?]
=300  \\$a1 online resource
=336  \\$atext$2rdacontent
=337  \\$acomputer$2rdamedia
=338  \\$aonline resources$2rdacarrier
=500  \\$aText printed in two columns.
=500  \\$aIn verse.
=500  \\$aIllustration at foot of title.
=500  \\$aCaption title.
=500  \\$aImprint from colophon.
=599  \\$aItem no. T16 in volume 12330.l.10.$5Uk
=533  \\$aElectronic Reproduction$bLondon$cBritish Library$d2012$nItem no. T16 in volume 12330.l.10.$5Uk
=650  \0$aForecasting.
=650  \4$aPronóstico.
=655  \7$aChapbooks$zSpain.$2rbgenr
=752  \\$aSpain$dBarcelona.
=856  40$uhttp://cudl.lib.cam.ac.uk/view/PR-12330-L-00010-00016$yCambridge Digital Library
=859  \\$aXLD$bCambridge Digital Library
=CAT  \\$aWR14_159$b00$c20141016$lBLL01$h1656
=CAT  \\$aWR14_181$c20150323$lBLL01$h1403
=CAT  \\$aW1606-1753$c20171028$lBLL01$h1604
=SRC  \\$aBLWrongdoing
=LAS  \\$aW1606-1753$b00$c20171028$lBLL01$h1604

