=LDR  01794 am a2200469 a 4500
=001  016894242
=003  Uk
=005  20130830140241.0
=006  m\\\\||\\d\|\\\\\\
=007  cr\|||||||||||
=008  130830q18441874sp\a\\\\o\\\\\000\0\spa\d
=FMT  \\$a  BK
=040  \\$aUkCU$beng$cUkCU$dUk
=245  00$aChasco gracioso del pasiego.
=246  30$aDel pasiego
=260  \\$aCórdoba :$bImprenta de Don Fausto Garcia Tena, calle de la Librería, núm. 2,$c[between 1844 and 1874]
=300  \\$a1 online resource
=336  \\$atext$2rdacontent
=337  \\$acomputer$2rdamedia
=338  \\$aonline resources$2rdacarrier
=500  \\$aText printed in two columns.
=500  \\$aIn verse.
=500  \\$aTwo separate illustrations at head of title.
=500  \\$aCaption title.
=500  \\$aImprint from colophon.
=500  \\$aIn two parts. Part two has title: "Segunda parte en que se declaran las cualidades de las señoras mugeres."
=599  \\$aItem no. T17 in volume 12330.l.10.$5Uk
=533  \\$aElectronic Reproduction$bLondon$cBritish Library$d2012$nItem no. T17 in volume 12330.l.10.$5Uk
=650  \0$aSatire, Spanish.
=650  \0$aWomen$xConduct of life.
=650  \4$aSátira española.
=650  \4$aMujeres$xConducta de vida.
=655  \7$aChapbooks$zSpain.$2rbgenr
=740  02$aSegunda parte en que se declaran las cualidades de las señoras mugeres.
=752  \\$aSpain$dCórdoba.
=856  40$uhttp://cudl.lib.cam.ac.uk/view/PR-12330-L-00010-00017$yCambridge Digital Library
=859  \\$aXLD$bCambridge Digital Library
=CAT  \\$aWR14_159$b00$c20141016$lBLL01$h1656
=CAT  \\$aWR14_181$c20150323$lBLL01$h1403
=CAT  \\$aW1606-1753$c20171028$lBLL01$h1604
=SRC  \\$aBLWrongdoing
=LAS  \\$aW1606-1753$b00$c20171028$lBLL01$h1604

