=LDR  02053 am a2200481 a 4500
=001  016894246
=003  Uk
=005  20130830142227.0
=006  m\\\\||\\d\|\\\\\\
=007  cr\|||||||||||
=008  130830s1846\\\\sp\a\\\\o\\\\\000\h\spa\\
=FMT  \\$a  BK
=040  \\$aUkCU$beng$cUkCU$dUk
=245  00$aBandos divertidisimos contra los borrachos y borrachas :$ben que se manifiestan las multas aplicadas á cada especie de borrachera.
=260  \\$aMadrid :$bImprenta de D. J.M. Marés, Corredera baja de S. Pablo, núm. 27,$c1846.
=300  \\$a1 online resource
=336  \\$atext$2rdacontent
=337  \\$acomputer$2rdamedia
=338  \\$aonline resources$2rdacarrier
=500  \\$aIllustration at head of title; additional illustration on p. [3].
=500  \\$aCaption title.
=500  \\$aImprint from colophon.
=500  \\$a"(Núm. 66.)"
=505  0\$aNos los señores jueces, no apostólicos, ni reales [...] -- Arancel de las multas de los lobos -- Nos las madamas caderillas de primera y segunda [...] -- Arancel de las multas de las monas femeninas.
=599  \\$aItem no. T21 in volume 12330.l.10.$5Uk
=533  \\$aElectronic Reproduction$bLondon$cBritish Library$d2012$nItem no. T21 in volume 12330.l.10.$5Uk
=650  \0$aSatire, Spanish.
=650  \4$aDrunkenness.
=650  \4$aSátira española.
=650  \4$aEmbriaguez.
=655  \7$aChapbooks$zSpain.$2rbgenr
=740  02$aNos los señores jueces, no apostólicos, ni reales.
=740  02$aArancel de las multas de los lobos.
=740  02$aNos las madamas caderillas de primera y segunda.
=740  02$aArancel de las multas de las monas femeninas.
=752  \\$aSpain$dMadrid.
=856  40$uhttp://cudl.lib.cam.ac.uk/view/PR-12330-L-00010-00021$yCambridge Digital Library
=859  \\$aXLD$bCambridge Digital Library
=CAT  \\$aWR14_159$b00$c20141016$lBLL01$h1656
=CAT  \\$aWR14_181$c20150323$lBLL01$h1403
=CAT  \\$aW1606-1753$c20171028$lBLL01$h1604
=SRC  \\$aBLWrongdoing
=LAS  \\$aW1606-1753$b00$c20171028$lBLL01$h1604

