=LDR  01762 am a2200445 a 4500
=001  016894247
=003  Uk
=005  20130830142943.0
=006  m\\\\||\\d\|\\\\\\
=007  cr\|||||||||||
=008  130830s1846\\\\sp\a\\\\o\\\\\000\0\spa\d
=FMT  \\$a  BK
=040  \\$aUkCU$beng$cUkCU$dUk
=043  \\$ae-sp---
=245  00$aColeccion de canciones al estilo del dia :$bpara cantar los aficionados con el piano ó guitarra.
=260  \\$aMadrid :$bImprenta de D.J. Marés, corredera baja de S. Pablo, núm. 27,$c1846.
=300  \\$a1 online resource
=336  \\$atext$2rdacontent
=337  \\$acomputer$2rdamedia
=338  \\$aonline resources$2rdacarrier
=500  \\$aText printed in two columns.
=500  \\$aIn verse.
=500  \\$aIllustration at head of title; additional illustration at head of page [3].
=500  \\$aCaption title.
=500  \\$aImprint from colophon.
=500  \\$a"(Núm. 17.)"
=500  \\$aEl empalagao -- La ingrata -- La bella Niceta -- El torero -- El estudiante de tuna -- Cancion del ¡Agua va!
=599  \\$aItem no. T22 in volume 12330.l.10.$5Uk
=533  \\$aElectronic Reproduction$bLondon$cBritish Library$d2012$nItem no. T22 in volume 12330.l.10.$5Uk
=650  \0$aSongs, Spanish$zSpain$zAndalusia.
=653  \0$aCanciones españolas--España--Andalucía.
=655  \7$aChapbooks$zSpain.$2rbgenr
=752  \\$aSpain$dMadrid.
=856  40$uhttp://cudl.lib.cam.ac.uk/view/PR-12330-L-00010-00022$yCambridge Digital Library
=859  \\$aXLD$bCambridge Digital Library
=CAT  \\$aWR14_159$b00$c20141016$lBLL01$h1656
=CAT  \\$aWR14_181$c20150323$lBLL01$h1403
=CAT  \\$aW1606-1753$c20171028$lBLL01$h1604
=SRC  \\$aBLWrongdoing
=LAS  \\$aW1606-1753$b00$c20171028$lBLL01$h1604

