=LDR  01670 am a2200457 a 4500
=001  016894249
=003  Uk
=005  20130830144809.0
=006  m\\\\||\\d\|\\\\\\
=007  cr\|||||||||||
=008  130830s1845\\\\sp\a\\\\o\\\\\000\0\spa\d
=FMT  \\$a  BK
=040  \\$aUkCU$beng$cUkCU$dUk
=245  00$aChistosísimo romance dividido en dos partes que cuentan las sutilezas de un arriero que hacia cagar dineros á su borrico :$bcon lo que verà el curioso lector : primera parte.
=260  \\$aReus :$bImprenta de J.B. Vidal y A. Camí,$c1845.
=300  \\$a1 online resource
=336  \\$atext$2rdacontent
=337  \\$acomputer$2rdamedia
=338  \\$aonline resources$2rdacarrier
=500  \\$aText printed in two columns.
=500  \\$aIn verse.
=500  \\$aIllustration at head of title.
=500  \\$aCaption title.
=500  \\$aImprint from colophon.
=500  \\$a"El mono y el perro": p. [4].
=599  \\$aItem no. T24 in volume 12330.l.10.$5Uk
=533  \\$aElectronic Reproduction$bLondon$cBritish Library$d2012$nItem no. T24 in volume 12330.l.10.$5Uk
=650  \0$aDonkeys.
=650  \0$aSatire, Spanish.
=650  \4$aAsnos.
=650  \4$aSátira española.
=655  \7$aChapbooks$zSpain.$2rbgenr
=740  02$aMono y el perro.
=752  \\$aSpain$dReus.
=856  40$uhttp://cudl.lib.cam.ac.uk/view/PR-12330-L-00010-00024$yCambridge Digital Library
=859  \\$aXLD$bCambridge Digital Library
=CAT  \\$aWR14_159$b00$c20141016$lBLL01$h1656
=CAT  \\$aWR14_181$c20150323$lBLL01$h1403
=CAT  \\$aW1606-1753$c20171028$lBLL01$h1604
=SRC  \\$aBLWrongdoing
=LAS  \\$aW1606-1753$b00$c20171028$lBLL01$h1604

