=LDR  01924 am a2200493 a 4500
=001  016894257
=003  Uk
=005  20130830154231.0
=006  m\\\\||\\d\|\\\\\\
=007  cr\|||||||||||
=008  130830s1848\\\\sp\a\\\\o\\\\\000\p\spa\\
=FMT  \\$a  BK
=040  \\$aUkCU$beng$cUkCU$dUk
=245  00$aColeccion de canciones modernas.
=260  \\$aMadrid :$bImprenta de J. Marés, Corredera de S. Pablo, núm. 27,$c1848.
=300  \\$a1 online resource
=336  \\$atext$2rdacontent
=337  \\$acomputer$2rdamedia
=338  \\$aonline resources$2rdacarrier
=500  \\$aText printed in two columns.
=500  \\$aIllustration at head of title; additional illustrations on p. [3] and [4].
=500  \\$aIn verse.
=500  \\$aCaption title.
=500  \\$aImprint from colophon.
=500  \\$a"(Núm. 73.)"
=505  0\$aLos toros del puerto -- La riña del calesero, canción andaluza cantada en el teatro -- La castañera -- La avellanera.
=599  \\$aLibrary copy has pages 3-4 misbound.$5Uk
=599  \\$aItem no. T32-T33 in volume 12330.l.10.$5Uk
=533  \\$aElectronic Reproduction$bLondon$cBritish Library$d2012$nLibrary copy has pages 3-4 misbound.$nItem no. T32-T33 in volume 12330.l.10.$5Uk
=650  \0$aSongs, Spanish$vTexts.
=653  \0$aCanciones españolas--Textos.
=655  \7$aChapbooks$zSpain.$2rbgenr
=740  02$aToros del puerto.
=740  02$aRiña del calesero, canción andaluza cantada en el Teatro.
=740  02$aCastañera.
=740  02$aAvellanera.
=752  \\$aSpain$dMadrid.
=856  40$uhttp://cudl.lib.cam.ac.uk/view/PR-12330-L-00010-00032$yCambridge Digital Library
=859  \\$aXLD$bCambridge Digital Library
=CAT  \\$aWR14_159$b00$c20141016$lBLL01$h1656
=CAT  \\$aWR14_181$c20150323$lBLL01$h1403
=CAT  \\$aW1606-1753$c20171028$lBLL01$h1604
=SRC  \\$aBLWrongdoing
=LAS  \\$aW1606-1753$b00$c20171028$lBLL01$h1604

