=LDR  01908 am a2200529 a 4500
=001  016894259
=003  Uk
=005  20130830165113.0
=006  m\\\\||\\d\|\\\\\\
=007  cr\|||||||||||
=008  130830q18441874sp\a\\\\o\\\\\000\0\spa\d
=FMT  \\$a  BK
=040  \\$aUkCU$beng$cUkCU$dUk
=245  00$aRelacion nueva :$bEl valor bien empleado por la hermosa Doña Blanca.
=246  30$aValor bien empleado por la hermosa Doña Blanca
=260  \\$aCórdoba :$bImprenta de D. Fausto Garcia Tena, calle de la Libreria, núm. 2,$c[between 1844 and 1874]
=300  \\$a1 online resource
=336  \\$atext$2rdacontent
=337  \\$acomputer$2rdamedia
=338  \\$aonline resources$2rdacarrier
=500  \\$aText printed in two columns.
=500  \\$aIn verse.
=500  \\$aIllustration at head of title.
=500  \\$aCaption title.
=500  \\$aImprint from colophon.
=500  \\$a"Núm. 9."
=599  \\$aItem no. T35 in volume 12330.l.10.$5Uk
=533  \\$aElectronic Reproduction$bLondon$cBritish Library$d2012$nItem no. T35 in volume 12330.l.10.$5Uk
=650  \0$aAdultery.
=650  \0$aSocial justice.
=650  \4$aAdulterio.
=650  \4$aJusticia social.
=655  \7$aChapbooks$zSpain.$2rbgenr
=662  \\$aBelgium$dFlanders$2lcsh-naf
=662  \\$aSpain$dMadrid$2lcsh-naf
=662  \\$aSpain$dSeville$2lcsh-naf
=662  \\$aSpain$dCádiz$2lcsh-naf
=662  \\$aFrance$dParis$2lcsh-naf
=700  1\$aGarcía Tena, Fausto,$dfl. 1844-1874,$eprinter.$5Uk
=752  \\$aSpain$dCórdoba.
=856  40$uhttp://cudl.lib.cam.ac.uk/view/PR-12330-L-00010-00035$yCambridge Digital Library
=859  \\$aXLD$bCambridge Digital Library
=CAT  \\$aWR14_159$b00$c20141016$lBLL01$h1656
=CAT  \\$aWR14_181$c20150323$lBLL01$h1403
=CAT  \\$aW1606-1753$c20171028$lBLL01$h1604
=SRC  \\$aBLWrongdoing
=LAS  \\$aW1606-1753$b00$c20171028$lBLL01$h1604

