=LDR  01934 am a2200493 a 4500
=001  016894263
=003  Uk
=005  20130830170832.0
=006  m\\\\||\\d\|\\\\\\
=007  cr\|||||||||||
=008  130830q18341920sp\a\\\\o\\\\\000\0\spa\d
=FMT  \\$a  BK
=040  \\$aUkCU$beng$cUkCU$dUk
=245  00$aNuevo romance en que se declara la desembuelta y mala vida de una doncella del reyno de Sevilla, que por sus maldades permitió Dios se trasformase en mula :$by los demonios la llevasen á que la herrase un herrador, con lo demas que verá el curioso lector.
=260  \\$aBarcelona :$bEn la Imprenta de los herederos de la Viuda Pla, calle Cotoners,$c[between 1834 and 1920?]
=300  \\$a1 online resource
=336  \\$atext$2rdacontent
=337  \\$acomputer$2rdamedia
=338  \\$aonline resources$2rdacarrier
=500  \\$aText printed in two columns.
=500  \\$aIn verse.
=500  \\$aIllustration at head of title.
=500  \\$aCaption title.
=500  \\$aImprint from colophon.
=599  \\$aItem no. T40 in volume 12330.l.10.$5Uk
=533  \\$aElectronic Reproduction$bLondon$cBritish Library$d2012$nItem no. T40 in volume 12330.l.10.$5Uk
=600  00$aJesus Christ$xApparitions and miracles.
=600  04$aJesucristo$xApariciones y milagros.
=650  \0$aWomen$xReligious life.
=650  \0$aSin.
=650  \4$aMujeres$xVida religiosa.
=650  \4$aPecado.
=650  \4$aDemonio.
=650  \4$aMulos.
=655  \7$aChapbooks$zSpain.$2rbgenr
=662  \\$aSpain$dSeville$2lcsh-naf
=752  \\$aSpain$dBarcelona.
=856  40$uhttp://cudl.lib.cam.ac.uk/view/PR-12330-L-00010-00040$yCambridge Digital Library
=859  \\$aXLD$bCambridge Digital Library
=CAT  \\$aWR14_159$b00$c20141016$lBLL01$h1656
=CAT  \\$aWR14_181$c20150323$lBLL01$h1403
=CAT  \\$aW1606-1753$c20171028$lBLL01$h1604
=SRC  \\$aBLWrongdoing
=LAS  \\$aW1606-1753$b00$c20171028$lBLL01$h1604

