=LDR  01413 am a2200397 a 4500
=001  016894264
=003  Uk
=005  20130830171244.0
=006  m\\\\||\\d\|\\\\\\
=007  cr\|||||||||||
=008  130830s1845\\\\sp\\\\\\o\\\\\000\0\spa\d
=FMT  \\$a  BK
=040  \\$aUkCU$beng$cUkCU$dUk
=245  00$aCarta que Pelegrin Tirabeque escribe á su amo Fr. Gerundio, relativa á su falso testamento.
=260  \\$aReimpreso en Tortosa :$bImprenta de José Antonio Ferreres,$c1845.
=300  \\$a1 online resource
=336  \\$atext$2rdacontent
=337  \\$acomputer$2rdamedia
=338  \\$aonline resources$2rdacarrier
=500  \\$aText printed in two columns.
=500  \\$aIn verse.
=500  \\$aCaption title.
=500  \\$aImprint from colophon.
=599  \\$aItem no. T41 in volume 12330.l.10.$5Uk
=533  \\$aElectronic Reproduction$bLondon$cBritish Library$d2012$nItem no. T41 in volume 12330.l.10.$5Uk
=650  \0$aWills.
=650  \4$aTestamentos.
=655  \7$aChapbooks$zSpain.$2rbgenr
=752  \\$aSpain$dTortosa.
=856  40$uhttp://cudl.lib.cam.ac.uk/view/PR-12330-L-00010-00041$yCambridge Digital Library
=859  \\$aXLD$bCambridge Digital Library
=CAT  \\$aWR14_159$b00$c20141016$lBLL01$h1656
=CAT  \\$aWR14_181$c20150323$lBLL01$h1403
=CAT  \\$aW1606-1753$c20171028$lBLL01$h1604
=SRC  \\$aBLWrongdoing
=LAS  \\$aW1606-1753$b00$c20171028$lBLL01$h1604

