=LDR  01553 am a2200457 a 4500
=001  016894266
=003  Uk
=005  20130830172800.0
=006  m\\\\||\\d\|\\\\\\
=007  cr\|||||||||||
=008  130830q18221844sp\a\\\\o\\\\\000\0\spa\d
=FMT  \\$a  BK
=040  \\$aUkCU$beng$cUkCU$dUk
=245  00$aSatira nueva y curiosa que declara o cuanto puede el dinero.
=246  30$aCuanto puede el dinero
=260  \\$aCórdoba :$bImprenta de Garcia,$c[between 1822 and 1844?]
=300  \\$a1 online resource
=336  \\$atext$2rdacontent
=337  \\$acomputer$2rdamedia
=338  \\$aonline resources$2rdacarrier
=500  \\$aText printed in two columns.
=500  \\$aIn verse.
=500  \\$aIllustration at head of title.
=500  \\$aCaption title.
=500  \\$aImprint from colophon.
=500  \\$a"(Núm. 89.)"
=599  \\$aItem no. T43 in volume 12330.l.10.$5Uk
=533  \\$aElectronic Reproduction$bLondon$cBritish Library$d2012$nItem no. T43 in volume 12330.l.10.$5Uk
=650  \0$aSatire, Spanish.
=650  \0$aMoney.
=650  \4$aSátira española.
=650  \4$aDinero.
=655  \7$aChapbooks$zSpain.$2rbgenr
=752  \\$aSpain$dCórdoba.
=856  40$uhttp://cudl.lib.cam.ac.uk/view/PR-12330-L-00010-00043$yCambridge Digital Library
=859  \\$aXLD$bCambridge Digital Library
=CAT  \\$aWR14_159$b00$c20141016$lBLL01$h1656
=CAT  \\$aWR14_181$c20150323$lBLL01$h1403
=CAT  \\$aW1606-1753$c20171028$lBLL01$h1604
=SRC  \\$aBLWrongdoing
=LAS  \\$aW1606-1753$b00$c20171028$lBLL01$h1604

