=LDR  01734 am a2200481 a 4500
=001  016894268
=003  Uk
=005  20130905153301.0
=006  m\\\\||\\d\|\\\\\\
=007  cr\|||||||||||
=008  130905s1846\\\\sp\a\\\\o\\\\\000\0\spa\d
=FMT  \\$a  BK
=040  \\$aUkCU$beng$cUkCU$dUk
=245  00$aLetra nueva de la polca.
=246  17$aOtras nuevas décimas para cantar los aficionados
=260  \\$aEn Reus :$bReimpreso en la imprenta de Juan Vidal y Angel Camí,$caño 1846.
=300  \\$a1 online resource
=336  \\$atext$2rdacontent
=337  \\$acomputer$2rdamedia
=338  \\$aonline resources$2rdacarrier
=500  \\$aText printed in two columns.
=500  \\$aIn verse.
=500  \\$aTwo separate illustrations at head of title.
=500  \\$aCaption title.
=500  \\$aImprint from colophon.
=500  \\$a"Nueva letrilla de la jalea": p. [3-4].
=500  \\$a"Décimas": p. [4].
=500  \\$a"Es propiedad de María Albert": p. [4].
=599  \\$aItem no. T45 in volume 12330.l.10.$5Uk
=533  \\$aElectronic Reproduction$bLondon$cBritish Library$d2012$nItem no. T45 in volume 12330.l.10.$5Uk
=650  \0$aSongs, Spanish$vTexts.
=653  \0$aCanciones españolas--Textos.
=655  \7$aChapbooks$zSpain.$2rbgenr
=740  02$aNueva letrilla de la jalea.
=740  02$aDećimas.
=752  \\$aSpain$dReus.
=856  40$uhttp://cudl.lib.cam.ac.uk/view/PR-12330-L-00010-00045$yCambridge Digital Library
=859  \\$aXLD$bCambridge Digital Library
=CAT  \\$aWR14_159$b00$c20141016$lBLL01$h1656
=CAT  \\$aWR14_181$c20150323$lBLL01$h1403
=CAT  \\$aW1606-1753$c20171028$lBLL01$h1604
=SRC  \\$aBLWrongdoing
=LAS  \\$aW1606-1753$b00$c20171028$lBLL01$h1604

