=LDR  01630 am a2200433 a 4500
=001  016894271
=003  Uk
=005  20130905160932.0
=006  m\\\\||\\d\|\\\\\\
=007  cr\|||||||||||
=008  130905q17601778sp\a\\\\o\\\\\000\0\spa\d
=FMT  \\$a  BK
=040  \\$aUkCU$beng$cUkCU$dUk
=245  00$aRomance nuevo en el qual se da cuenta de lo que sucedió à una dama con un leon :$bcon todo lo demás que verá el curioso lector.
=260  \\$aBarcelona :$bEn la imprenta de los herederos de Juan Jolis, en la calle de los Algodoneros,$c[between 1760 and 1778?]
=300  \\$a1 online resource
=336  \\$atext$2rdacontent
=337  \\$acomputer$2rdamedia
=338  \\$aonline resources$2rdacarrier
=500  \\$aText printed in two columns.
=500  \\$aIn verse.
=500  \\$aTwo separate illustrations at head of title.
=500  \\$aCaption title.
=500  \\$aImprint from colophon.
=599  \\$aItem no. T48 in volume 12330.l.10.$5Uk
=533  \\$aElectronic Reproduction$bLondon$cBritish Library$d2012$nItem no. T48 in volume 12330.l.10.$5Uk
=650  \0$aAtrocities.
=650  \4$aAtrocidades.
=650  \4$aLeones.
=650  \4$aAnimales salvajes.
=655  \7$aChapbooks$zSpain.$2rbgenr
=752  \\$aSpain$dBarcelona.
=856  40$uhttp://cudl.lib.cam.ac.uk/view/PR-12330-L-00010-00048$yCambridge Digital Library
=859  \\$aXLD$bCambridge Digital Library
=CAT  \\$aWR14_159$b00$c20141016$lBLL01$h1656
=CAT  \\$aWR14_181$c20150323$lBLL01$h1403
=CAT  \\$aW1606-1753$c20171028$lBLL01$h1604
=SRC  \\$aBLWrongdoing
=LAS  \\$aW1606-1753$b00$c20171028$lBLL01$h1604

