=LDR  01842 am a2200529 a 4500
=001  016894272
=003  Uk
=005  20130905161555.0
=006  m\\\\||\\d\|\\\\\\
=007  cr\|||||||||||
=008  130905q18081814sp\a\\\\o\\\\\000\0\spa\\
=FMT  \\$a  BK
=040  \\$aUkCU$beng$cUkCU$dUk
=245  00$aRelacion Astolfo y Auristela.
=246  30$aAstolfo y Auristela
=260  \\$aCon licencia en Córdoba :$bEn la imprenta de Don Rafael Garcia Rodriguez, calle de la Librería,$c[between 1808 and 1814?]
=300  \\$a1 online resource
=336  \\$atext$2rdacontent
=337  \\$acomputer$2rdamedia
=338  \\$aonline resources$2rdacarrier
=500  \\$aTwo separate illustrations at head of title.
=500  \\$aText printed in two columns.
=500  \\$aIn verse.
=500  \\$aCaption title.
=500  \\$aImprint from colophon.
=500  \\$a"Núm. 207."
=599  \\$aItem no. T50 in volume 12330.l.10.$5Uk
=533  \\$aElectronic Reproduction$bLondon$cBritish Library$d2012$nItem no. T50 in volume 12330.l.10.$5Uk
=650  \0$aWomen murderers.
=650  \0$aRevenge.
=650  \0$aIdentity theft.
=650  \4$aAsesinas.
=650  \4$aVenganza.
=653  \0$aFalsificación de identidad.
=655  \7$aChapbooks$zSpain.$2rbgenr
=662  \\$aSpain$bCatalonia$2lcsh-naf
=662  \\$aSpain$dValencia$2lcsh-naf
=662  \\$aSpain$dBarcelona$2lcsh-naf
=662  \\$aSpain$dValladolid$2lcsh-naf
=752  \\$aSpain$dCórdoba.
=856  40$uhttp://cudl.lib.cam.ac.uk/view/PR-12330-L-00010-00050$yCambridge Digital Library
=859  \\$aXLD$bCambridge Digital Library
=CAT  \\$aWR14_159$b00$c20141016$lBLL01$h1656
=CAT  \\$aWR14_181$c20150323$lBLL01$h1403
=CAT  \\$aW1606-1753$c20171028$lBLL01$h1604
=SRC  \\$aBLWrongdoing
=LAS  \\$aW1606-1753$b00$c20171028$lBLL01$h1604

