=LDR  01472 am a2200433 a 4500
=001  016894275
=003  Uk
=005  20130905170642.0
=006  m\\\\||\\d\|\\\\\\
=007  cr\|||||||||||
=008  130905q18231838sp\a\\\\o\\\\\000\0\spa\d
=FMT  \\$a  BK
=040  \\$aUkCU$beng$cUkCU$dUk
=245  03$aLa princesa de Siria.
=260  \\$aCórdoba :$bImprenta de Santaló, Canalejas y compañía,$c[between 1823 and 1838?]
=300  \\$a1 online resource
=336  \\$atext$2rdacontent
=337  \\$acomputer$2rdamedia
=338  \\$aonline resources$2rdacarrier
=500  \\$aText printed in two columns.
=500  \\$aIn verse.
=500  \\$aIllustration at head of title.
=500  \\$aCaption title.
=500  \\$aImprint from colophon.
=500  \\$a"Núm. 42."
=599  \\$aItem no. T53 in volume 12330.l.10.$5Uk
=533  \\$aElectronic Reproduction$bLondon$cBritish Library$d2012$nItem no. T53 in volume 12330.l.10.$5Uk
=650  \0$aPrincesses.
=650  \4$aPrincesas.
=655  \7$aChapbooks$zSpain.$2rbgenr
=662  \\$aSyria$2lcsh-naf
=752  \\$aSpain$dCórdoba.
=856  40$uhttp://cudl.lib.cam.ac.uk/view/PR-12330-L-00010-00053$yCambridge Digital Library
=859  \\$aXLD$bCambridge Digital Library
=CAT  \\$aWR14_159$b00$c20141016$lBLL01$h1656
=CAT  \\$aWR14_181$c20150323$lBLL01$h1403
=CAT  \\$aW1606-1753$c20171028$lBLL01$h1604
=SRC  \\$aBLWrongdoing
=LAS  \\$aW1606-1753$b00$c20171028$lBLL01$h1604

