=LDR  01713 am a2200457 a 4500
=001  016894276
=003  Uk
=005  20130905171014.0
=006  m\\\\||\\d\|\\\\\\
=007  cr\|||||||||||
=008  130905q18081814sp\a\\\\o\\\\\000\0\spa\d
=FMT  \\$a  BK
=040  \\$aUkCU$beng$cUkCU$dUk
=245  03$aEl principe transilvanio.
=260  \\$aCon licencia en Cordoba :$bEn la imprenta de Don Rafael Garcia Rodriguez, calle de la Libreria,$c[between 1808 and 1814?]
=300  \\$a1 online resource
=336  \\$atext$2rdacontent
=337  \\$acomputer$2rdamedia
=338  \\$aonline resources$2rdacarrier
=500  \\$aText printed in two columns.
=500  \\$aIn verse.
=500  \\$aIllustration at head of title.
=500  \\$aCaption title.
=500  \\$aImprint from colophon.
=500  \\$a"Núm. 237."
=599  \\$aItem no. T54 in volume 12330.l.10.$5Uk
=533  \\$aElectronic Reproduction$bLondon$cBritish Library$d2012$nItem no. T54 in volume 12330.l.10.$5Uk
=600  00$aBáthory Zsigmond,$cPrince of Transylvania,$d1572-1613.
=653  \1$aBathory , Segismundo, Príncipe de Transilvania, 1572-1613.
=655  \7$aChapbooks$zSpain.$2rbgenr
=662  \\$aTurkey$2lcsh-naf
=752  \\$aSpain$dCórdoba.
=856  40$uhttp://cudl.lib.cam.ac.uk/view/PR-12330-L-00010-00054$yCambridge Digital Library
=859  \\$aXLD$bCambridge Digital Library
=CAT  \\$aWR14_159$b00$c20141016$lBLL01$h1656
=CAT  \\$aBATCH-UPD$b00$c20141016$lBLL01$h1709
=CAT  \\$aWR14_181$c20150323$lBLL01$h1403
=CAT  \\$aBATCH-UPD$b00$c20170507$lBLL01$h2109
=CAT  \\$aW1606-1753$c20171028$lBLL01$h1604
=SRC  \\$aBLWrongdoing
=LAS  \\$aW1606-1753$b00$c20171028$lBLL01$h1604

