=LDR  01571 am a2200421 a 4500
=001  016894280
=003  Uk
=005  20130906120252.0
=006  m\\\\||\\d\|\\\\\\
=007  cr\|||||||||||
=008  130906s1852\\\\sp\a\\\\o\\\\\000\0\spa\d
=FMT  \\$a  BK
=040  \\$aUkCU$beng$cUkCU$dUk
=245  00$aQuintillas en memoria de los Dolores de la Virgen :$bmeditándolos se ganan inumerables [sic] indulgencias concedidas por diferentes Sumos Pontífices.
=260  \\$aReus:$bImp. y lib. de Juan Bautista Vidal,$c1852.
=300  \\$a1 online resource
=336  \\$atext$2rdacontent
=337  \\$acomputer$2rdamedia
=338  \\$aonline resources$2rdacarrier
=500  \\$aText printed in two columns.
=500  \\$aIn verse.
=500  \\$aIllustration at head of title.
=500  \\$aCaption title.
=500  \\$aImprint from colophon.
=500  \\$a"Núm. 15."
=599  \\$aItem no. T59 in volume 12330.l.10.$5Uk
=533  \\$aElectronic Reproduction$bLondon$cBritish Library$d2012$nItem no. T59 in volume 12330.l.10.$5Uk
=650  \0$aDevotional literature, Spanish
=650  \4$aLiteratura española devocional.
=655  \7$aChapbooks$zSpain.$2rbgenr
=752  \\$aSpain$dReus.
=856  40$uhttp://cudl.lib.cam.ac.uk/view/PR-12330-L-00010-00059$yCambridge Digital Library
=859  \\$aXLD$bCambridge Digital Library
=CAT  \\$aWR14_159$b00$c20141016$lBLL01$h1656
=CAT  \\$aWR14_181$c20150323$lBLL01$h1403
=CAT  \\$aW1606-1753$c20171028$lBLL01$h1604
=SRC  \\$aBLWrongdoing
=LAS  \\$aW1606-1753$b00$c20171028$lBLL01$h1604

