=LDR  01746 am a2200433 a 4500
=001  016894283
=003  Uk
=005  20140403151459.0
=006  m\\\\||\\d\|\\\\\\
=007  cr\|||||||||||
=008  130906s1848\\\\sp\a\\\\o\\\\\000\0\spa\\
=FMT  \\$a  BK
=040  \\$aUkCU$beng$cUkCU$dUk
=245  04$aLas siete palabras que habló Nuestro Señor Jesucristo :$by el descendimiento de la Cruz.
=260  \\$aMadrid :$bImprenta de Dámaso Santaren,$c1848.
=300  \\$a1 online resource
=336  \\$atext$2rdacontent
=337  \\$acomputer$2rdamedia
=338  \\$aonline resources$2rdacarrier
=500  \\$aText printed in two columns.
=500  \\$aIn verse.
=500  \\$aIllustration at head of title.
=500  \\$aCaption title.
=500  \\$aImprint from colophon.
=500  \\$a(Núm. 62.)
=505  0\$aLas siete palabras que habló Cristo en la Cruz -- Despedida de la Santísima Virgen a su hijo -- Relación mística de la dolorosa pasión y muerte de Ntro. Señor Jesucristo, y el descendimiento de la Santa Cruz.
=599  \\$aItem no. T63 in volume 12330.l.10.$5Uk
=533  \\$aElectronic Reproduction$bLondon$cBritish Library$d2012$nItem no. T63 in volume 12330.l.10.$5Uk
=650  \0$aChristian literature, Spanish.
=650  \4$aLiteratura religiosa española.
=655  \7$aChapbooks$zSpain.$2rbgenr
=752  \\$aSpain$dMadrid.
=856  40$uhttp://cudl.lib.cam.ac.uk/view/PR-12330-L-00010-00063$yCambridge Digital Library
=859  \\$aXLD$bCambridge Digital Library
=CAT  \\$aWR14_159$b00$c20141016$lBLL01$h1656
=CAT  \\$aWR14_181$c20150323$lBLL01$h1403
=CAT  \\$aW1606-1753$c20171028$lBLL01$h1604
=SRC  \\$aBLWrongdoing
=LAS  \\$aW1606-1753$b00$c20171028$lBLL01$h1604

