=LDR  01583 am a2200445 a 4500
=001  016894285
=003  Uk
=005  20131213154142.0
=006  m\\\\||\\d\|\\\\\\
=007  cr\|||||||||||
=008  130906q18011850sp\a\\\\o\\\\\000\0\spa\\
=FMT  \\$a  BK
=040  \\$aUkCU$beng$cUkCU$dUk
=245  00$aExcelencias de la Santisima Cruz.
=260  \\$aCon licencia en Cordoba :$bEn la imprenta de Don Rafael Garcia Rodriguez, calle de la Libreria,$c[between 1801 and 1850?]
=300  \\$a1 online resource
=336  \\$atext$2rdacontent
=337  \\$acomputer$2rdamedia
=338  \\$aonline resources$2rdacarrier
=500  \\$aText printed in two columns.
=500  \\$aIn verse.
=500  \\$aIllustration at head of title.
=500  \\$aCaption title.
=500  \\$aImprint from colophon.
=500  \\$a"Núm 211."
=599  \\$aItem no. T66 in volume 12330.l.10.$5Uk
=533  \\$aElectronic Reproduction$bLondon$cBritish Library$d2012$nItem no. T66 in volume 12330.l.10.$5Uk
=650  \0$aChristian literature, Spanish.
=650  \0$aHoly Cross.
=650  \4$aLiteratura religiosa española.
=653  \0$aSanta Cruz.
=655  \7$aChapbooks$zSpain.$2rbgenr
=752  \\$aSpain$dCórdoba.
=856  40$uhttp://cudl.lib.cam.ac.uk/view/PR-12330-L-00010-00066$yCambridge Digital Library
=859  \\$aXLD$bCambridge Digital Library
=CAT  \\$aWR14_159$b00$c20141016$lBLL01$h1656
=CAT  \\$aWR14_181$c20150323$lBLL01$h1403
=CAT  \\$aW1606-1753$c20171028$lBLL01$h1604
=SRC  \\$aBLWrongdoing
=LAS  \\$aW1606-1753$b00$c20171028$lBLL01$h1604

