=LDR  01851 am a2200445 a 4500
=001  016894288
=003  Uk
=005  20130906140926.0
=006  m\\\\||\\d\|\\\\\\
=007  cr\|||||||||||
=008  130906s1839\\\\sp\a\\\\o\\\\\000\0\spa\\
=FMT  \\$a  BK
=040  \\$aUkCU$beng$cUkCU$dUk
=245  03$aLa vestidura del alma :$bPiadoso y contemplativo romance en que se espresan las galas y aderezo con que se ha de vestir y adornar el alma para poder llegar á merecer el desposarse con su amante Jesucristo redentor nuestro /$cdispuesta por los Padres Misioneros Mercenarios.
=246  30$aPiadoso y contemplativo romance en que se espresan las galas y aderezo con que se ha de vestir y adornar el alma
=260  \\$aValladolid :$bImprenta de Santaren,$c1839.
=300  \\$a1 online resource
=336  \\$atext$2rdacontent
=337  \\$acomputer$2rdamedia
=338  \\$aonline resources$2rdacarrier
=500  \\$aText printed in two columns.
=500  \\$aIn verse.
=500  \\$aThree separate illustrations at head of title.
=500  \\$aCaption title.
=500  \\$aImprint from colophon.
=599  \\$aItem no. T69 in volume 12330.l.10.$5Uk
=533  \\$aElectronic Reproduction$bLondon$cBritish Library$d2012$nItem no. T69 in volume 12330.l.10.$5Uk
=650  \0$aChristian literature, Spanish.
=650  \0$aSoul.
=650  \4$aLiteratura religiosa española.
=650  \4$aAlma.
=655  \7$aChapbooks$zSpain.$2rbgenr
=752  \\$aSpain$dValladolid.
=856  40$uhttp://cudl.lib.cam.ac.uk/view/PR-12330-L-00010-00069$yCambridge Digital Library
=859  \\$aXLD$bCambridge Digital Library
=CAT  \\$aWR14_159$b00$c20141016$lBLL01$h1656
=CAT  \\$aWR14_181$c20150323$lBLL01$h1403
=CAT  \\$aW1606-1753$c20171028$lBLL01$h1604
=SRC  \\$aBLWrongdoing
=LAS  \\$aW1606-1753$b00$c20171028$lBLL01$h1604

