=LDR  01597 am a2200445 a 4500
=001  016894290
=003  Uk
=005  20130906141113.0
=006  m\\\\||\\d\|\\\\\\
=007  cr\|||||||||||
=008  130906s1851\\\\sp\a\\\\o\\\\\000\0\spa\\
=FMT  \\$a  BK
=040  \\$aUkCU$beng$cUkCU$dUk
=245  00$aVillancicos nuevos alegres y divertidos :$bpara cantar en estas proximas Navidades.
=260  \\$aMadrid :$bImprenta de José M. Marés, calle de Relatores, núm. 17,$c1851.
=300  \\$a1 online resource
=336  \\$atext$2rdacontent
=337  \\$acomputer$2rdamedia
=338  \\$aonline resources$2rdacarrier
=500  \\$aText printed in two columns.
=500  \\$aIn verse.
=500  \\$aIllustration at head of title.
=500  \\$aCaption title.
=500  \\$aImprint from colophon.
=500  \\$a"(Núm. 101.)"
=500  \\$a"Villancicos al niño perdido": p. [3-4].
=599  \\$aItem no. T71 in volume 12330.l.10.$5Uk
=533  \\$aElectronic Reproduction$bLondon$cBritish Library$d2012$nItem no. T71 in volume 12330.l.10.$5Uk
=650  \0$aCarols.
=650  \4$aVillancicos.
=655  \7$aChapbooks$zSpain.$2rbgenr
=740  02$aVillancicos al niño perdido.
=752  \\$aSpain$dMadrid.
=856  40$uhttp://cudl.lib.cam.ac.uk/view/PR-12330-L-00010-00071$yCambridge Digital Library
=859  \\$aXLD$bCambridge Digital Library
=CAT  \\$aWR14_159$b00$c20141016$lBLL01$h1656
=CAT  \\$aWR14_181$c20150323$lBLL01$h1403
=CAT  \\$aW1606-1753$c20171028$lBLL01$h1604
=SRC  \\$aBLWrongdoing
=LAS  \\$aW1606-1753$b00$c20171028$lBLL01$h1604

