=LDR  01625 am a2200457 a 4500
=001  016894291
=003  Uk
=005  20130906141318.0
=006  m\\\\||\\d\|\\\\\\
=007  cr\|||||||||||
=008  130906q18201888sp\a\\\\o\\\\\000\0\spa\\
=FMT  \\$a  BK
=040  \\$aUkCU$beng$cUkCU$dUk
=041  \\$aspa$acat
=245  03$aEl Padre Nuestro :$ben verso.
=260  \\$a[Lérida?] :$bImprenta de la C. de Corominas,$c[between 1820 and 1888?]
=300  \\$a1 online resource
=336  \\$atext$2rdacontent
=337  \\$acomputer$2rdamedia
=338  \\$aonline resources$2rdacarrier
=500  \\$aText printed in two columns.
=500  \\$aIn verse.
=500  \\$aTwo separate illustrations at head of title.
=500  \\$aCaption title.
=500  \\$aImprint from colophon.
=500  \\$a"Es propiedad de José Boquér": p. [3].
=500  \\$a"Avis a tot cristia": p. [4].
=599  \\$aItem no. T72 in volume 12330.l.10.$5Uk
=533  \\$aElectronic Reproduction$bLondon$cBritish Library$d2012$nItem no. T72 in volume 12330.l.10.$5Uk
=650  \0$aDevotional literature, Spanish
=650  \4$aLiteratura española devocional.
=655  \7$aChapbooks$zSpain.$2rbgenr
=740  02$aAvis a tot cristia.
=752  \\$aSpain$dLérida.
=856  40$uhttp://cudl.lib.cam.ac.uk/view/PR-12330-L-00010-00072$yCambridge Digital Library
=859  \\$aXLD$bCambridge Digital Library
=CAT  \\$aWR14_159$b00$c20141016$lBLL01$h1656
=CAT  \\$aWR14_181$c20150323$lBLL01$h1403
=CAT  \\$aW1606-1753$c20171028$lBLL01$h1604
=SRC  \\$aBLWrongdoing
=LAS  \\$aW1606-1753$b00$c20171028$lBLL01$h1604

