=LDR  01645 am a2200433 a 4500
=001  016894294
=003  Uk
=005  20130906144621.0
=006  m\\\\||\\d\|\\\\\\
=007  cr\|||||||||||
=008  130906q18341920sp\a\\\\o\\\\\000\0\spa\d
=FMT  \\$a  BK
=040  \\$aUkCU$beng$cUkCU$dUk
=245  00$aBreve y compendiosa relacion de las proezas y hechos memorables del invencible y atrevido Badulaque :$bprimo y capitan general de las armadas navales del siempre invicto rey de Bastos.
=260  \\$aBarcelona :$bImprenta de los Herederos de la Viuda Pla, calle de Cotoners,$c[between 1834 and 1920?]
=300  \\$a1 online resource
=336  \\$atext$2rdacontent
=337  \\$acomputer$2rdamedia
=338  \\$aonline resources$2rdacarrier
=500  \\$aText printed in two columns.
=500  \\$aIn verse.
=500  \\$aIllustration at head of title.
=500  \\$aCaption title.
=500  \\$aImprint from colophon.
=599  \\$aItem no. T76 in volume 12330.l.10.$5Uk
=533  \\$aElectronic Reproduction$bLondon$cBritish Library$d2012$nItem no. T76 in volume 12330.l.10.$5Uk
=650  \0$aCourage.
=650  \0$aPride and vanity.
=650  \4$aValentía.
=650  \4$aSoberbia.
=655  \7$aChapbooks$zSpain.$2rbgenr
=752  \\$aSpain$dBarcelona.
=856  40$uhttp://cudl.lib.cam.ac.uk/view/PR-12330-L-00010-00076$yCambridge Digital Library
=859  \\$aXLD$bCambridge Digital Library
=CAT  \\$aWR14_159$b00$c20141016$lBLL01$h1656
=CAT  \\$aWR14_181$c20150323$lBLL01$h1403
=CAT  \\$aW1606-1753$c20171028$lBLL01$h1604
=SRC  \\$aBLWrongdoing
=LAS  \\$aW1606-1753$b00$c20171028$lBLL01$h1604

