=LDR  01699 am a2200433 a 4500
=001  016894295
=003  Uk
=005  20130906150859.0
=006  m\\\\||\\d\|\\\\\\
=007  cr\|||||||||||
=008  130906q17881817sp\a\\\\o\\\\\000\0\spa\d
=FMT  \\$a  BK
=040  \\$aUkCU$beng$cUkCU$dUk
=245  00$aBreve relacion y curiosa carta dando cuenta de una prodigiosa isla que se ha descubierto junto al reyno de los matricanos, llamada tierra de Xauja :$brefierese con el aparato, ostentacion y grandeza que se vive en ella como lo declara la gustosa copia, que es la siguiente.
=260  \\$aValencia :$bPor la Viuda de Agustin Laborda,$c[between 1788 and 1817?]
=300  \\$a1 online resource
=336  \\$atext$2rdacontent
=337  \\$acomputer$2rdamedia
=338  \\$aonline resources$2rdacarrier
=500  \\$aText printed in two columns.
=500  \\$aIn verse.
=500  \\$aIllustration at head of title.
=500  \\$aCaption title.
=500  \\$aImprint from colophon.
=599  \\$aItem no. T78 in volume 12330.l.10.$5Uk
=533  \\$aElectronic Reproduction$bLondon$cBritish Library$d2012$nItem no. T78 in volume 12330.l.10.$5Uk
=650  \0$aVoyages and travels.
=650  \0$aIslands.
=650  \4$aViajes.
=650  \4$aIslas.
=655  \7$aChapbooks$zSpain.$2rbgenr
=752  \\$aSpain$dValencia.
=856  40$uhttp://cudl.lib.cam.ac.uk/view/PR-12330-L-00010-00078$yCambridge Digital Library
=859  \\$aXLD$bCambridge Digital Library
=CAT  \\$aWR14_159$b00$c20141016$lBLL01$h1656
=CAT  \\$aWR14_181$c20150323$lBLL01$h1403
=CAT  \\$aW1606-1753$c20171028$lBLL01$h1604
=SRC  \\$aBLWrongdoing
=LAS  \\$aW1606-1753$b00$c20171028$lBLL01$h1604

