=LDR  01700 am a2200469 a 4500
=001  016894296
=003  Uk
=005  20130906154031.0
=006  m\\\\||\\d\|\\\\\\
=007  cr\|||||||||||
=008  130906q18461892sp\a\\\\o\\\\\000\0\spa\d
=FMT  \\$a  BK
=040  \\$aUkCU$beng$cUkCU$dUk
=245  00$aEspantosa relacion de un suceso ocurrido con una señora española natural de Cadiz :$by un fiero orangutan en una isla desierta de América.
=260  \\$aBarcelona :$bImprenta de Cristobal Miró, calle de Arrepentidas, n.° 5,$c[between 1846 and 1892?]
=300  \\$a1 online resource
=336  \\$atext$2rdacontent
=337  \\$acomputer$2rdamedia
=338  \\$aonline resources$2rdacarrier
=500  \\$aText printed in two columns.
=500  \\$aIn verse.
=500  \\$aIllustration at head of title.
=500  \\$aCaption title.
=500  \\$aImprint from colophon.
=599  \\$aItem no. T80 in volume 12330.l.10.$5Uk
=533  \\$aElectronic Reproduction$bLondon$cBritish Library$d2012$nItem no. T80 in volume 12330.l.10.$5Uk
=650  \0$aOrangutan.
=650  \0$aMonsters.
=650  \4$aOrangutanes.
=650  \4$aMonstruos.
=650  \4$aIslas.
=655  \7$aChapbooks$zSpain.$2rbgenr
=662  \\$aSpain$dCádiz$2lcsh-naf
=662  \\$aAmérica$2lcsh-naf
=752  \\$aSpain$dBarcelona.
=856  40$uhttp://cudl.lib.cam.ac.uk/view/PR-12330-L-00010-00080$yCambridge Digital Library
=859  \\$aXLD$bCambridge Digital Library
=CAT  \\$aWR14_159$b00$c20141016$lBLL01$h1656
=CAT  \\$aWR14_181$c20150323$lBLL01$h1403
=CAT  \\$aW1606-1753$c20171028$lBLL01$h1604
=SRC  \\$aBLWrongdoing
=LAS  \\$aW1606-1753$b00$c20171028$lBLL01$h1604

