=LDR  01572 am a2200457 a 4500
=001  016894299
=003  Uk
=005  20130906160100.0
=006  m\\\\||\\d\|\\\\\\
=007  cr\|||||||||||
=008  130906s1822\\\\sp\\\\\\o\\\\\000\0\spa\d
=FMT  \\$a  BK
=040  \\$aUkCU$beng$cUkCU$dUk
=245  00$aMisantropia y arrepentimiento :$bdrama en tres actos : ¡cuan cruel es la venganza de la ultrajada virtud!
=260  \\$aValencia :$bImprenta de Ildefonso Mompié,$c1822.
=300  \\$a1 online resource
=336  \\$atext$2rdacontent
=337  \\$acomputer$2rdamedia
=338  \\$aonline resources$2rdacarrier
=500  \\$aText printed in two columns.
=500  \\$aIn verse.
=500  \\$aCaption title.
=500  \\$aImprint from colophon.
=500  \\$a"Núm. 120."
=599  \\$aItem no. T83 in volume 12330.l.10.$5Uk
=533  \\$aElectronic Reproduction$bLondon$cBritish Library$d2012$nItem no. T83 in volume 12330.l.10.$5Uk
=650  \0$aSpanish drama.
=650  \0$aMisanthropy.
=650  \0$aRepentance.
=650  \4$aTeatro español.
=650  \4$aArrepentimiento.
=653  \0$aMisantropía.
=655  \7$aChapbooks$zSpain.$2rbgenr
=752  \\$aSpain$dValencia.
=856  40$uhttp://cudl.lib.cam.ac.uk/view/PR-12330-L-00010-00083$yCambridge Digital Library
=859  \\$aXLD$bCambridge Digital Library
=CAT  \\$aWR14_159$b00$c20141016$lBLL01$h1656
=CAT  \\$aWR14_181$c20150323$lBLL01$h1403
=CAT  \\$aW1606-1753$c20171028$lBLL01$h1604
=SRC  \\$aBLWrongdoing
=LAS  \\$aW1606-1753$b00$c20171028$lBLL01$h1604

