=LDR  01661 am a2200445 a 4500
=001  016894304
=003  Uk
=005  20130906165040.0
=006  m\\\\||\\d\|\\\\\\
=007  cr\|||||||||||
=008  130906s1763\\\\sp\\\\\\o\\\\\000\0\spa\d
=FMT  \\$a  BK
=040  \\$aUkCU$beng$cUkCU$dUk
=100  10$aDiamante, Juan Bautista,$d1625-1687.
=245  10$aComedia famosa :$bQuanto mienten los indicios y el ganapan de desdichas /$cde Don Juan Bautista Diamante.
=246  30$aQuanto mienten los indicios y el ganapan de desdichas
=260  \\$aCon licencia en Valencia :$bEn la Imprenta de la Viuda de Joseph de Orga ...,$caño 1763.
=300  \\$a1 online resource
=336  \\$atext$2rdacontent
=337  \\$acomputer$2rdamedia
=338  \\$aonline resources$2rdacarrier
=500  \\$aText printed in two columns.
=500  \\$aIn verse.
=500  \\$aCaption title.
=500  \\$aImprint from colophon.
=500  \\$a"N. 63."
=599  \\$aItem no. T88 in volume 12330.l.10.$5Uk
=533  \\$aElectronic Reproduction$bLondon$cBritish Library$d2012$nItem no. T88 in volume 12330.l.10.$5Uk
=650  \0$aSpanish drama.
=650  \4$aTeatro español.
=655  \7$aChapbooks$zSpain.$2rbgenr
=752  \\$aSpain$dValencia.
=856  40$uhttp://cudl.lib.cam.ac.uk/view/PR-12330-L-00010-00088$yCambridge Digital Library
=859  \\$aXLD$bCambridge Digital Library
=CAT  \\$aWR14_159$b00$c20141016$lBLL01$h1656
=CAT  \\$aBATCH-UPD$b00$c20141016$lBLL01$h1710
=CAT  \\$aWR14_181$c20150323$lBLL01$h1403
=CAT  \\$aW1606-1753$c20171028$lBLL01$h1604
=SRC  \\$aBLWrongdoing
=LAS  \\$aW1606-1753$b00$c20171028$lBLL01$h1604

