=LDR  01755 am a2200481 a 4500
=001  016894305
=003  Uk
=005  20130906171108.0
=006  m\\\\||\\d\|\\\\\\
=007  cr\|||||||||||
=008  130906s1782\\\\sp\\\\\\o\\\\\000\0\spa\d
=FMT  \\$a  BK
=040  \\$aUkCU$beng$cUkCU$dUk
=100  1\$aPérez de Montalván, Juan,$d1602-1638.
=245  10$aComedia famosa :$bLo que son juicios del cielo /$cde Don Juan Perez de Montalvan.
=246  30$aLo que son juicios del cielo
=260  \\$aCon licencia en Valencia :$bEn la Imprenta de Josef y Tomás de Orga, calle de la Cruz nueva, junto al Real Colegio del Señor Patriarca ...,$caño 1782.
=300  \\$a1 online resource
=336  \\$atext$2rdacontent
=337  \\$acomputer$2rdamedia
=338  \\$aonline resources$2rdacarrier
=500  \\$aText printed in two columns.
=500  \\$aIn verse.
=500  \\$aCaption title.
=500  \\$aImprint from colophon.
=500  \\$a"N. 180."
=599  \\$aItem no. T89 in volume 12330.l.10.$5Uk
=533  \\$aElectronic Reproduction$bLondon$cBritish Library$d2012$nItem no. T89 in volume 12330.l.10.$5Uk
=650  \0$aSpanish drama.
=650  \0$aFathers and daughters.
=650  \0$aSadness.
=650  \4$aTeatro español.
=650  \4$aPadres e hijas.
=650  \4$aTristeza.
=655  \7$aChapbooks$zSpain.$2rbgenr
=752  \\$aSpain$dValladolid.
=856  40$uhttp://cudl.lib.cam.ac.uk/view/PR-12330-L-00010-00089$yCambridge Digital Library
=859  \\$aXLD$bCambridge Digital Library
=CAT  \\$aWR14_159$b00$c20141016$lBLL01$h1656
=CAT  \\$aWR14_181$c20150323$lBLL01$h1403
=CAT  \\$aW1606-1753$c20171028$lBLL01$h1604
=SRC  \\$aBLWrongdoing
=LAS  \\$aW1606-1753$b00$c20171028$lBLL01$h1604

