=LDR  01626 am a2200445 a 4500
=001  016894306
=003  Uk
=005  20130906171845.0
=006  m\\\\||\\d\|\\\\\\
=007  cr\|||||||||||
=008  130906s1762\\\\sp\\\\\\o\\\\\000\0\spa\d
=FMT  \\$a  BK
=040  \\$aUkCU$beng$cUkCU$dUk
=100  1\$aArce, Ambrosio de.
=245  10$aComedia famosa :$bEl hechizo de Sevilla /$cde Don Ambrosio de Arce.
=246  30$aHechizo de Sevilla
=260  \\$aCon licencia en Valencia:$bEn la Imprenta de la Viuda de Joseph de Orga, calle de la Cruz nueva, junto al Real Colegio del Señor Patriarca ...,$caño 1762.
=300  \\$a1 online resource
=336  \\$atext$2rdacontent
=337  \\$acomputer$2rdamedia
=338  \\$aonline resources$2rdacarrier
=500  \\$aText printed in two columns.
=500  \\$aIn verse.
=500  \\$aCaption title.
=500  \\$aImprint from colophon.
=500  \\$a"N. 34."
=599  \\$aItem no. T90 in volume 12330.l.10.$5Uk
=533  \\$aElectronic Reproduction$bLondon$cBritish Library$d2012$nItem no. T90 in volume 12330.l.10.$5Uk
=650  \0$aSpanish drama.
=650  \4$aTeatro español.
=655  \7$aChapbooks$zSpain.$2rbgenr
=662  \\$aSpain$dSeville$2lcsh-naf
=752  \\$aSpain$dValencia.
=856  40$uhttp://cudl.lib.cam.ac.uk/view/PR-12330-L-00010-00090$yCambridge Digital Library
=859  \\$aXLD$bCambridge Digital Library
=CAT  \\$aWR14_159$b00$c20141016$lBLL01$h1656
=CAT  \\$aWR14_181$c20150323$lBLL01$h1403
=CAT  \\$aW1606-1753$c20171028$lBLL01$h1604
=SRC  \\$aBLWrongdoing
=LAS  \\$aW1606-1753$b00$c20171028$lBLL01$h1604

