=LDR  01972 am a2200505 a 4500
=001  016894310
=003  Uk
=005  20140602101950.0
=006  m\\\\||\\d\|\\\\\\
=007  cr\|||||||||||
=008  130912s1850\\\\sp\a\\\\o\\\\\000\0\spa\d
=FMT  \\$a  BK
=040  \\$aUkCU$beng$cUkCU$dUk
=245  03$aEl facineroso de La Mancha :$bRelacion de los hechos y felonias cometidas en el Pinar de la Mancha por D. Juan de Marchena, en venganza de su despreciado amor.
=246  30$aRelacion de los hechos y felonias cometidas en el Pinar de la Mancha por D. Juan de Marchena
=260  \\$aBarcelona :$bImprenta de Ignacio Estivill,$c1850.
=300  \\$a1 online resource
=336  \\$atext$2rdacontent
=337  \\$acomputer$2rdamedia
=338  \\$aonline resources$2rdacarrier
=500  \\$aText printed in two columns.
=500  \\$aIn verse.
=500  \\$aIllustration at head of title.
=500  \\$aCaption title.
=500  \\$aImprint from colophon.
=599  \\$aItem no. T2 in volume 1074.g.26.$5Uk
=533  \\$aElectronic Reproduction$bLondon$cBritish Library$d2012$nItem no. T2 in volume 1074.g.26.$5Uk
=650  \4$aJuan de Marchena (Fictitious charachter)
=650  \0$aBrigands and robbers.
=650  \0$aAvarice
=650  \4$aBandoleros.
=650  \4$aAvaricia.
=653  \1$aJuan de Marchena (Personaje ficticio)
=655  \7$aChapbooks$zSpain.$2rbgenr
=662  \\$aSpain$dCiudad Real$2lcsh-naf
=700  1\$aEstivill, Ignacio,$dactive 1816-1852$cactive 1816-1852,$eprinter.$5Uk
=752  \\$aSpain$dBarcelona.
=856  40$uhttp://cudl.lib.cam.ac.uk/view/PR-01074-G-00026-00002$yCambridge Digital Library
=859  \\$aXLD$bCambridge Digital Library
=CAT  \\$aWR14_159$b00$c20141016$lBLL01$h1656
=CAT  \\$aBATCH-UPD$b00$c20141016$lBLL01$h1710
=CAT  \\$aWR14_181$c20150323$lBLL01$h1403
=CAT  \\$aW1606-1753$c20171028$lBLL01$h1604
=SRC  \\$aBLWrongdoing
=LAS  \\$aW1606-1753$b00$c20171028$lBLL01$h1604

