=LDR  02083 am a2200457 a 4500
=001  016894311
=003  Uk
=005  20140602101144.0
=006  m\\\\||\\d\|\\\\\\
=007  cr\|||||||||||
=008  130912s1854\\\\sp\a\\\\o\\\\\000\0\spa\d
=FMT  \\$a  BK
=040  \\$aUkCU$beng$cUkCU$dUk
=245  00$aNuevos acontecimientos de la guerra entre turcos y rusos :$bbombardeo de la ciudad de Odessa por las flotas aliadas, el cual tuvo lugar del 20 al 25 del pasado abril : noticias recientes por cartas de las orillas del Danubio, en las que se encuentra el número de rusos muertos y prisioneros, en la gran accion de Tschernawoda y los cañones que quedaron en poder de los turcos : los detalles del bombardeo de dicha ciudad, como otras varias cosas que hallará el curioso lector.
=260  \\$aBarcelona :$bImprenta de Ignacio Estivill,$c1854.
=300  \\$a1 online resource
=336  \\$atext$2rdacontent
=337  \\$acomputer$2rdamedia
=338  \\$aonline resources$2rdacarrier
=500  \\$aText printed in two columns.
=500  \\$aIn verse.
=500  \\$aIllustration at head of title.
=500  \\$aCaption title.
=500  \\$aPrinted on coloured paper.
=500  \\$aImprint from colophon.
=599  \\$aItem no. T3 in volume 1074.g.26.$5Uk
=533  \\$aElectronic Reproduction$bLondon$cBritish Library$d2012$nItem no. T3 in volume 1074.g.26.$5Uk
=650  \0$aCrimean War, 1853-1856.
=650  \4$aGuerra de Crimea, 1853-1856.
=655  \7$aChapbooks$zSpain.$2rbgenr
=662  \\$aUkraine$dOdesa$2lcsh-naf
=700  1\$aEstivill, Ignacio,$dactive 1816-1852$cactive 1816-1852,$eprinter.$5Uk
=752  \\$aSpain$dBarcelona.
=856  40$uhttp://cudl.lib.cam.ac.uk/view/PR-01074-G-00026-00003$yCambridge Digital Library
=859  \\$aXLD$bCambridge Digital Library
=CAT  \\$aWR14_159$b00$c20141016$lBLL01$h1656
=CAT  \\$aBATCH-UPD$b00$c20141016$lBLL01$h1710
=CAT  \\$aWR14_181$c20150323$lBLL01$h1403
=CAT  \\$aW1606-1753$c20171028$lBLL01$h1604
=SRC  \\$aBLWrongdoing
=LAS  \\$aW1606-1753$b00$c20171028$lBLL01$h1604

