=LDR  02109 am a2200517 a 4500
=001  016894313
=003  Uk
=005  20140602101750.0
=006  m\\\\||\\d\|\\\\\\
=007  cr\|||||||||||
=008  130912q18161852sp\a\\\\o\\\\\000\0\spa\d
=FMT  \\$a  BK
=040  \\$aUkCU$beng$cUkCU$dUk
=245  00$aHorroroso asesinato :$bRomance nuevo en que se declara la verdadera atrocidad cometida en este mismo año por un hijo de mas de cuarenta años, viudo con familia, que à sangre fria asesinó à su anciana madre, y aprehendido en el partido judicial de Jaca en Quer.
=246  30$aRomance nuevo en que se declara la verdadera atrocidad cometida en este mismo año por un hijo de mas de cuarenta años
=260  \\$aBarcelona :$bImprenta de Ignacio Estivill,$c[between 1816 and 1852].
=300  \\$a1 online resource
=336  \\$atext$2rdacontent
=337  \\$acomputer$2rdamedia
=338  \\$aonline resources$2rdacarrier
=500  \\$aText printed in two columns.
=500  \\$aIn verse.
=500  \\$aIllustration incorporated within title.
=500  \\$aCaption title.
=500  \\$aPrinted on coloured paper.
=500  \\$aImprint from colophon.
=500  \\$a"Los celos": p. [4].
=599  \\$aItem no. T5 in volume 1074.g.26.$5Uk
=533  \\$aElectronic Reproduction$bLondon$cBritish Library$d2012$nItem no. T5 in volume 1074.g.26.$5Uk
=650  \0$aParricide.
=650  \0$aAtrocities.
=650  \0$aJealousy.
=650  \4$aMatricidio.
=650  \4$aAtrocidades.
=650  \4$aCelos.
=655  \7$aChapbooks$zSpain.$2rbgenr
=700  1\$aEstivill, Ignacio,$dactive 1816-1852$cactive 1816-1852,$eprinter.$5Uk
=752  \\$aSpain$dBarcelona.
=856  40$uhttp://cudl.lib.cam.ac.uk/view/PR-01074-G-00026-00005$yCambridge Digital Library
=859  \\$aXLD$bCambridge Digital Library
=CAT  \\$aWR14_159$b00$c20141016$lBLL01$h1656
=CAT  \\$aBATCH-UPD$b00$c20141016$lBLL01$h1710
=CAT  \\$aWR14_181$c20150323$lBLL01$h1403
=CAT  \\$aW1606-1753$c20171028$lBLL01$h1604
=SRC  \\$aBLWrongdoing
=LAS  \\$aW1606-1753$b00$c20171028$lBLL01$h1604

