=LDR  01860 am a2200469 a 4500
=001  016894314
=003  Uk
=005  20130912160931.0
=006  m\\\\||\\d\|\\\\\\
=007  cr\|||||||||||
=008  130912s1853\\\\sp\a\\\\o\\\\\000\0\cat\d
=FMT  \\$a  BK
=040  \\$aUkCU$beng$cUkCU$dUk
=245  03$aEl cansoné de las barraquetas :$bcolecció de cansons divertidas y estravagans, escritas ab dialectes vulgars y la corresponen tonada pel el Dr. Pepino (a) Cogombre : primera part que conté El terne del arrebal, Al poble baix, Els mosquits d'Abre y Un bon nas.
=260  \\$aBarcelona :$bEn casa Juan Llorens, carré de la Palma de Sta. Catarina,$c1853$f(Imp. de J. Tauló)
=300  \\$a1 online resource
=336  \\$atext$2rdacontent
=337  \\$acomputer$2rdamedia
=338  \\$aonline resources$2rdacarrier
=500  \\$aText printed in two columns.
=500  \\$aIn verse.
=500  \\$aIllustration at head of title.
=500  \\$aCaption title.
=500  \\$aPrinted on coloured paper.
=500  \\$aImprint from colophon.
=599  \\$aItem no. T6 in volume 1074.g.26.$5Uk
=533  \\$aElectronic Reproduction$bLondon$cBritish Library$d2012$nItem no. T6 in volume 1074.g.26.$5Uk
=650  \0$aSongs, Catalan$vTexts.
=653  \0$aCanciones catalanas--Textos.
=655  \7$aChapbooks$zSpain.$2rbgenr
=740  02$aTerne del arrabal.
=740  02$aAl poble baix.
=740  02$aMosquits d'Abre.
=740  02$aBon nas.
=752  \\$aSpain$dBarcelona.
=856  40$uhttp://cudl.lib.cam.ac.uk/view/PR-01074-G-00026-00006$yCambridge Digital Library
=859  \\$aXLD$bCambridge Digital Library
=CAT  \\$aWR14_159$b00$c20141016$lBLL01$h1656
=CAT  \\$aWR14_181$c20150323$lBLL01$h1403
=CAT  \\$aW1606-1753$c20171028$lBLL01$h1604
=SRC  \\$aBLWrongdoing
=LAS  \\$aW1606-1753$b00$c20171028$lBLL01$h1604

