=LDR  01954 am a2200445 a 4500
=001  016894317
=003  Uk
=005  20130912170038.0
=006  m\\\\||\\d\|\\\\\\
=007  cr\|||||||||||
=008  130912s1857\\\\sp\a\\\\o\\\\\000\0\spa\d
=FMT  \\$a  BK
=040  \\$aUkCU$beng$cUkCU$dUk
=245  03$aLos amantes de Teruel :$bNueva relacion histórica y compendiada de los amores y trágico suceso de dichos amantes, D. Diego de Marcilla y Doña Isabel de Segura : primera parte.
=260  \\$aBarcelona :$bEn casa Juan Llorens, calle de la Palma de Sta. Catalina,$c1857$f(Imp. de J. Taulò)
=300  \\$a1 online resource
=336  \\$atext$2rdacontent
=337  \\$acomputer$2rdamedia
=338  \\$aonline resources$2rdacarrier
=500  \\$aText printed in two columns.
=500  \\$aIn verse.
=500  \\$aIllustration at head of title; second part with additional illustration at head of title.
=500  \\$aCaption title.
=500  \\$aPrinted on coloured paper.
=500  \\$aImprint from colophon.
=500  \\$aIn two parts. Part two has title: "Los amantes de Teruel : nueva relacion histórica y compendiada de los amores y trágico suceso de dichos amantes D. Diego de Marcilla y Da. Isabel de Segura."
=599  \\$aItem no. T9 in volume 1074.g.26.$5Uk
=533  \\$aElectronic Reproduction$bLondon$cBritish Library$d2012$nItem no. T9 in volume 1074.g.26.$5Uk
=650  \0$aLovers of Teruel (Legend)
=650  \4$aAmantes de Teruel
=655  \7$aChapbooks$zSpain.$2rbgenr
=662  \\$aSpain$dTeruel$2lcsh-naf
=752  \\$aSpain$dBarcelona.
=856  40$uhttp://cudl.lib.cam.ac.uk/view/PR-01074-G-00026-00009$yCambridge Digital Library
=859  \\$aXLD$bCambridge Digital Library
=CAT  \\$aWR14_159$b00$c20141016$lBLL01$h1656
=CAT  \\$aWR14_181$c20150323$lBLL01$h1403
=CAT  \\$aW1606-1753$c20171028$lBLL01$h1604
=SRC  \\$aBLWrongdoing
=LAS  \\$aW1606-1753$b00$c20171028$lBLL01$h1604

