=LDR  01884 am a2200469 i 4500
=001  016894321
=003  Uk
=005  20130912172231.0
=006  m\\\\||\\d\|\\\\\\
=007  cr\|||||||||||
=008  130912q18491859sp\a\\\\o\\\\\000\0\spa\\
=FMT  \\$a  BK
=040  \\$aUkCU$beng$cUkCU$dUk
=245  00$aHistoria de la infeliz Rosaura :$bpuesta en trovos para cantar los aficionados con guitarra : primera parte.
=260  \\$aBarcelona :$bEn casa Juan Llorens, calle de la Palma de Sta. Catalina, no. 6,$c[between 1849 and 1859)$f(Imp. de José Tauló, calle de la Tapineria, n. 58)
=300  \\$a1 online resource
=336  \\$atext$2rdacontent
=337  \\$acomputer$2rdamedia
=338  \\$aonline resources$2rdacarrier
=500  \\$aText printed in two columns.
=500  \\$aTwo separate llustrations at head of title.
=500  \\$aIn verse.
=500  \\$aCaption title.
=500  \\$aImprint from colophon.
=500  \\$aPrinted on coloured paper.
=500  \\$aIn two parts. Part two has title: "La infeliz Rosaura: segunda parte en décimas glosadas."
=599  \\$aItem no. T13 in volume 1074.g.26.$5Uk
=533  \\$aElectronic Reproduction$bLondon$cBritish Library$d2012$nItem no. T13 in volume 1074.g.26.$5Uk
=650  \4$aRosaura (Fictitious character)
=653  \1$aRosaura (Personaje ficticio)
=662  \\$aSpain$gSierra Morena$2lcsh-naf
=662  \\$aSpain$dCórdoba$2lcsh-naf
=653  \0$aInfamia.
=655  \7$aChapbooks$zSpain.$2rbgenr
=752  \\$aSpain$dBarcelona.
=856  40$uhttp://cudl.lib.cam.ac.uk/view/PR-01074-G-00026-00013$yCambridge Digital Library
=859  \\$aXLD$bCambridge Digital Library
=CAT  \\$aWR14_159$b00$c20141016$lBLL01$h1656
=CAT  \\$aWR14_181$c20150323$lBLL01$h1403
=CAT  \\$aW1606-1753$c20171028$lBLL01$h1604
=SRC  \\$aBLWrongdoing
=LAS  \\$aW1606-1753$b00$c20171028$lBLL01$h1604

