=LDR  01985 am a2200481 a 4500
=001  016894322
=003  Uk
=005  20130913153042.0
=006  m\\\\||\\d\|\\\\\\
=007  cr\|||||||||||
=008  130912s1858\\\\sp\a\\\\o\\\\\000\0\spa\d
=FMT  \\$a  BK
=040  \\$aUkCU$beng$cUkCU$dUk
=245  00$aAsesinato del alcalde de Ripollet :$bRelacion de dicho asesinato cometido á las seis y media de la mañana del dia 4 de setiembre de este presente año en el término de Ripollet por Francisco Vilaró de edad 60 años : sentenciado á muerte en garrote vil y á Juan Bordas cadena perpetua, presenciando dicha sentencia, ejecutada el dia 29 de octubre del presente año.
=260  \\$aBarcelona :$bEn casa Juan Llorens, calle de la Palma de Sta. Catalina,$c1858$f(Imp. de J. Tauló)
=300  \\$a1 online resource
=336  \\$atext$2rdacontent
=337  \\$acomputer$2rdamedia
=338  \\$aonline resources$2rdacarrier
=500  \\$aText printed in two columns.
=500  \\$aIn verse.
=500  \\$aIllustration at head of title.
=500  \\$aCaption title.
=500  \\$aPrinted on coloured paper.
=500  \\$aImprint from colophon.
=599  \\$aItem no. T14 in volume 1074.g.26.$5Uk
=533  \\$aElectronic Reproduction$bLondon$cBritish Library$d2012$nItem no. T14 in volume 1074.g.26.$5Uk
=650  \0$aAssassination.
=650  \0$aMayors.
=650  \0$aCapital punishment.
=650  \4$aAsesinato.
=650  \4$aAlcaldes.
=650  \4$aPena de muerte.
=655  \7$aChapbooks$zSpain.$2rbgenr
=662  \\$aRipollet$dSpain$2lcsh-naf
=752  \\$aSpain$dBarcelona.
=856  40$uhttp://cudl.lib.cam.ac.uk/view/PR-01074-G-00026-00014$yCambridge Digital Library
=859  \\$aXLD$bCambridge Digital Library
=CAT  \\$aWR14_159$b00$c20141016$lBLL01$h1656
=CAT  \\$aWR14_181$c20150323$lBLL01$h1403
=CAT  \\$aW1606-1753$c20171028$lBLL01$h1604
=SRC  \\$aBLWrongdoing
=LAS  \\$aW1606-1753$b00$c20171028$lBLL01$h1604

