=LDR  01990 am a2200493 a 4500
=001  016894325
=003  Uk
=005  20130913153011.0
=006  m\\\\||\\d\|\\\\\\
=007  cr\|||||||||||
=008  130912s1858\\\\sp\a\\\\o\\\\\000\0\spa\d
=FMT  \\$a  BK
=040  \\$aUkCU$beng$cUkCU$dUk
=245  00$aAtrocidades de Margarita Cisneros :$bRelacion puesta en décimas glosadas, de lo que cometió esta jóven natural de Tamarite, reino de Aragon, el año 1852 : por haberla obligado sus padres á un casamiento forzoso en la ciudad de Lérida.
=246  30$aMargarita Cisneros
=246  30$aRelacion puesta en décimas glosadas, de lo que cometió esta jóven natural de Tamarite
=260  \\$aBarcelona :$bEn casa Juan Llorens, calle de la Palma de Sta. Catalina,$c1858$f(Imp. de José Tauló)
=300  \\$a1 online resource
=336  \\$atext$2rdacontent
=337  \\$acomputer$2rdamedia
=338  \\$aonline resources$2rdacarrier
=500  \\$aText printed in two columns.
=500  \\$aIn verse.
=500  \\$aIllustration at head of title.
=500  \\$aCaption title.
=500  \\$aPrinted on coloured paper.
=500  \\$aImprint from colophon.
=599  \\$aItem no. T17 in volume 1074.g.26.$5Uk
=533  \\$aElectronic Reproduction$bLondon$cBritish Library$d2012$nItem no. T17 in volume 1074.g.26.$5Uk
=650  \0$aWomen murderers.
=650  \0$aAtrocities.
=650  \4$aAsesinas.
=650  \4$aAtrocidades.
=655  \7$aChapbooks$zSpain.$2rbgenr
=662  \\$aSpain$dTamarite de Litera$2lcsh-naf
=662  \\$aSpain$dLérida$2lcsh-naf
=752  \\$aSpain$dBarcelona.
=856  40$uhttp://cudl.lib.cam.ac.uk/view/PR-01074-G-00026-00017$yCambridge Digital Library
=859  \\$aXLD$bCambridge Digital Library
=CAT  \\$aWR14_159$b00$c20141016$lBLL01$h1656
=CAT  \\$aWR14_181$c20150323$lBLL01$h1403
=CAT  \\$aW1606-1753$c20171028$lBLL01$h1604
=SRC  \\$aBLWrongdoing
=LAS  \\$aW1606-1753$b00$c20171028$lBLL01$h1604

