=LDR  02285 am a2200481 a 4500
=001  016894326
=003  Uk
=005  20130913124211.0
=006  m\\\\||\\d\|\\\\\\
=007  cr\|||||||||||
=008  130913s1858\\\\sp\a\\\\o\\\\\000\0\cat\d
=FMT  \\$a  BK
=040  \\$aUkCU$beng$cUkCU$dUk
=245  00$aDoctor Don Tixeras :$bRecepta nova per curar de mal de mare, de orina, de migraña, de puagre, de orella, y altres diferents : va a continuació la de D. Cristoful, que es preservativa de totas enfermedats y método per viurer alegre y allargar la vida fins á la mort.
=246  30$aRecepta nova per curar de mal de mare, de orina, de migraña, de puagre, de orella, y altres diferents
=260  \\$aBarcelona :$bEn casa Juan Llorens, calle de la Palma de Sta. Catalina,$c1858$f(Imp. de José Tauló)
=300  \\$a1 online resource
=336  \\$atext$2rdacontent
=337  \\$acomputer$2rdamedia
=338  \\$aonline resources$2rdacarrier
=500  \\$aText printed in two columns.
=500  \\$aIn verse.
=500  \\$aIllustration at head of title; three additional illustrations at head of p. [3].
=500  \\$aCaption title.
=500  \\$aPrinted on coloured paper.
=500  \\$aImprint from colophon.
=500  \\$a"Recepta per curar de tots mals y preservativa de totas enfermedats y método per viure alegre y allargar la vida fins á la mort": p. [3].
=500  \\$a"Licencia para ventosear": p. [4].
=599  \\$aItem no. T18 in volume 1074.g.26.$5Uk
=533  \\$aElectronic Reproduction$bLondon$cBritish Library$d2012$nItem no. T18 in volume 1074.g.26.$5Uk
=650  \0$aDrugs.
=650  \4$aMedicamentos.
=655  \7$aChapbooks$zSpain.$2rbgenr
=740  02$aRecepta per curar de tots mals y preservativa de totas enfermedats y método per viure alegre y allargar la vida fins á la mort.
=740  02$aLicencia para ventosear.
=752  \\$aSpain$dBarcelona.
=856  40$uhttp://cudl.lib.cam.ac.uk/view/PR-01074-G-00026-00018$yCambridge Digital Library
=859  \\$aXLD$bCambridge Digital Library
=CAT  \\$aWR14_159$b00$c20141016$lBLL01$h1656
=CAT  \\$aWR14_181$c20150323$lBLL01$h1403
=CAT  \\$aW1606-1753$c20171028$lBLL01$h1604
=SRC  \\$aBLWrongdoing
=LAS  \\$aW1606-1753$b00$c20171028$lBLL01$h1604

