=LDR  02545 am a2200517 a 4500
=001  016894331
=003  Uk
=005  20130913152725.0
=006  m\\\\||\\d\|\\\\\\
=007  cr\|||||||||||
=008  130913s1858\\\\sp\a\\\\o\\\\\000\0\spa\d
=FMT  \\$a  BK
=040  \\$aUkCU$beng$cUkCU$dUk
=245  00$aAtroz y horrible asesinato ejecutado por Sebastian Solá (a) Salabrian, amante de una de las jóvenes y Pedro Masferrer, en la noche del 21 de agosto del presente año :$bcon las jóvenes, Maria Angela Disorgas, de 23 años, Teresa Jussimanya, de 19 años, y Josefa Solá, de 14 años; y heridas Maria Disorgas y Maria Serra de 13 años, y Josefa Pous, de 12 años, naturales de Folgarolas.
=260  \\$aBarcelona :$bEn casa Juan Llorens, calle de la Palma de Sta. Catalina,$c1858$f(Imp. de José Tauló, calle de la Tapinería, n.° 58)
=300  \\$a1 online resource
=336  \\$atext$2rdacontent
=337  \\$acomputer$2rdamedia
=338  \\$aonline resources$2rdacarrier
=500  \\$aText printed in two columns.
=500  \\$aIn verse.
=500  \\$aIllustration at head of title; part two with additional illustration at head of title.
=500  \\$aCaption title.
=500  \\$aPrinted on coloured paper.
=500  \\$aImprint from colophon.
=500  \\$aIn two parts. Part two has title: "Segunda parte del horroroso asesinato de las seis jóvenes de Folgarolas en la cual se declara como fueron sorprendidos el dia 25 del mismo mes de agosto en el pueblo de la Manera (Francia), los asesinos de estas desgraciadas por los gendarmes franceses.
=599  \\$aItem no. T23 in volume 1074.g.26.$5Uk
=533  \\$aElectronic Reproduction$bLondon$cBritish Library$d2012$nItem no. T23 in volume 1074.g.26.$5Uk
=650  \0$aCrimes of passion.
=650  \0$aWomen$xCrimes against.
=650  \0$aJealousy.
=650  \0$aAssassination.
=650  \4$aCrímenes de pasión.
=650  \4$aMujeres$xDelitos contra las.
=650  \4$aCelos.
=650  \4$aAsesinato.
=655  \7$aChapbooks$zSpain.$2rbgenr
=740  02$aSegunda parte del horroroso asesinato de las seis jóvenes de Folgarolas.
=752  \\$aSpain$dBarcelona.
=856  40$uhttp://cudl.lib.cam.ac.uk/view/PR-01074-G-00026-00023$yCambridge Digital Library
=859  \\$aXLD$bCambridge Digital Library
=CAT  \\$aWR14_159$b00$c20141016$lBLL01$h1656
=CAT  \\$aWR14_181$c20150323$lBLL01$h1403
=CAT  \\$aW1606-1753$c20171028$lBLL01$h1604
=SRC  \\$aBLWrongdoing
=LAS  \\$aW1606-1753$b00$c20171028$lBLL01$h1604

