=LDR  02139 am a2200553 a 4500
=001  016894333
=003  Uk
=005  20130913161751.0
=006  m\\\\||\\d\|\\\\\\
=007  cr\|||||||||||
=008  130913s1859\\\\sp\a\\\\o\\\\\000\0\spa\d
=FMT  \\$a  BK
=040  \\$aUkCU$beng$cUkCU$dUk
=041  0\$aspa$acat
=245  00$aCancion del pastor y la zagala :$bsegunda parte acompañada de unas nuevas camarellas y los gozos de las butifarras.
=246  30$aCamarellas
=260  \\$aBarcelona :$bEn casa Juan Llorens, calle de la Palma de Sta. Catalina,$c1859$f(Imp. de José Tauló, calle de la Tapineria, n. 58)
=300  \\$a1 online resource
=336  \\$atext$2rdacontent
=337  \\$acomputer$2rdamedia
=338  \\$aonline resources$2rdacarrier
=500  \\$aText printed in two columns.
=500  \\$aIn verse.
=500  \\$aIllustration at head of title; additional illustration at head of p. [3].
=500  \\$aCaption title.
=500  \\$aPrinted on coloured paper.
=500  \\$aImprint from colophon.
=500  \\$a"Novas camarellas per cantar á la nit de Pascua": p. [3-4].
=500  \\$a"Goigs de las butifarras": p. [4].
=546  \\$aIn Spanish and Catalan.
=599  \\$aItem no. T25 in volume 1074.g.26.$5Uk
=533  \\$aElectronic Reproduction$bLondon$cBritish Library$d2012$nItem no. T25 in volume 1074.g.26.$5Uk
=650  \0$aSongs, Spanish$vTexts.
=650  \0$aSongs, Catalan$vTexts.
=650  \0$aCourtship.
=650  \4$aCortejo amoroso.
=653  \0$aCanciones españolas--Textos.
=653  \0$aCanciones catalanas--Textos.
=655  \7$aChapbooks$zSpain.$2rbgenr
=740  02$aNovas camarellas per cantar á la nit de Pascua.
=740  02$aGoigs de las butifarras.
=752  \\$aSpain$dBarcelona.
=856  40$uhttp://cudl.lib.cam.ac.uk/view/PR-01074-G-00026-00025$yCambridge Digital Library
=859  \\$aXLD$bCambridge Digital Library
=CAT  \\$aWR14_159$b00$c20141016$lBLL01$h1656
=CAT  \\$aWR14_181$c20150323$lBLL01$h1403
=CAT  \\$aW1606-1753$c20171028$lBLL01$h1604
=SRC  \\$aBLWrongdoing
=LAS  \\$aW1606-1753$b00$c20171028$lBLL01$h1604

