=LDR  02147 am a2200505 a 4500
=001  016894334
=003  Uk
=005  20130913165024.0
=006  m\\\\||\\d\|\\\\\\
=007  cr\|||||||||||
=008  130913s1859\\\\sp\a\\\\o\\\\\000\0\spa\\
=FMT  \\$a  BK
=040  \\$aUkCU$beng$cUkCU$dUk
=245  03$aLa nueva estudiantina :$bcoplas sevillanas que cantan los estudiantes en los dias de su tuna : seguidas de la nueva cancion Mi desgraciado amor : junto con unos trovos nuevos para divertirse los mozos solteros.
=246  30$aCoplas sevillanas que cantan los estudiantes en los dias de su tuna
=260  \\$aBarcelona :$bEn casa Juan Llorens, calle de la Palma de Sta. Catalina,$c1859$f(Imp. de José Tauló, Tapineria, n. 58)
=300  \\$a1 online resource
=336  \\$atext$2rdacontent
=337  \\$acomputer$2rdamedia
=338  \\$aonline resources$2rdacarrier
=500  \\$aText printed in two columns.
=500  \\$aIllustration at head of title; additional illustration at head of p. [3].
=500  \\$aIn verse.
=500  \\$aCaption title.
=500  \\$aImprint from colophon.
=500  \\$aPrinted on coloured paper.
=500  \\$a"Trovos nuevos para divertirse los mozos solteros": p. [4].
=500  \\$a"Nueva cancion Mi desgraciado amor": p. [3-4].
=599  \\$aItem no. T26 in volume 1074.g.26.$5Uk
=533  \\$aElectronic Reproduction$bLondon$cBritish Library$d2012$nItem no. T26 in volume 1074.g.26.$5Uk
=650  \0$aSongs, Spanish$vTexts.
=650  \0$aCourtship.
=650  \4$aCortejo amoroso.
=653  \0$aCanciones españolas--Textos.
=655  \7$aChapbooks$zSpain.$2rbgenr
=740  02$aNueva cancion Mi desgraciado amor
=740  02$aTrovos nuevos para divertirse los mozos solteros.
=752  \\$aSpain$dBarcelona.
=856  40$uhttp://cudl.lib.cam.ac.uk/view/PR-01074-G-00026-00026$yCambridge Digital Library
=859  \\$aXLD$bCambridge Digital Library
=CAT  \\$aWR14_159$b00$c20141016$lBLL01$h1656
=CAT  \\$aWR14_181$c20150323$lBLL01$h1403
=CAT  \\$aW1606-1753$c20171028$lBLL01$h1604
=SRC  \\$aBLWrongdoing
=LAS  \\$aW1606-1753$b00$c20171028$lBLL01$h1604

