=LDR  01637 am a2200445 a 4500
=001  016894335
=003  Uk
=005  20130913165649.0
=006  m\\\\||\\d\|\\\\\\
=007  cr\|||||||||||
=008  130913s1859\\\\sp\a\\\\o\\\\\000\0\spa\d
=FMT  \\$a  BK
=040  \\$aUkCU$beng$cUkCU$dUk
=245  03$aEl gran profeta de los Pirineos :$bprofecias hasta 1863 por Bug de Milhas y fray Antonio de Padua.
=246  30$aBug de Milhas
=260  \\$aBarcelona :$bEn casa Juan Llorens, calle de la Palma de Santa Catalina,$c1859$f(Reimpreso por José Tauló, Tapineria, n.)
=300  \\$a1 online resource
=336  \\$atext$2rdacontent
=337  \\$acomputer$2rdamedia
=338  \\$aonline resources$2rdacarrier
=500  \\$aText printed in two columns.
=500  \\$aIn prose.
=500  \\$aIllustration incorporated within title.
=500  \\$aCaption title.
=500  \\$aPrinted on coloured paper.
=500  \\$aImprint from colophon.
=500  \\$aIn two parts.
=599  \\$aItem no. T27 in volume 1074.g.26.$5Uk
=533  \\$aElectronic Reproduction$bLondon$cBritish Library$d2012$nItem no. T27 in volume 1074.g.26.$5Uk
=650  \0$aProphecy.
=650  \4$aAdivinación.
=655  \7$aChapbooks$zSpain.$2rbgenr
=752  \\$aSpain$dBarcelona.
=856  40$uhttp://cudl.lib.cam.ac.uk/view/PR-01074-G-00026-00027$yCambridge Digital Library
=859  \\$aXLD$bCambridge Digital Library
=CAT  \\$aWR14_159$b00$c20141016$lBLL01$h1656
=CAT  \\$aWR14_181$c20150323$lBLL01$h1403
=CAT  \\$aW1606-1753$c20171028$lBLL01$h1604
=SRC  \\$aBLWrongdoing
=LAS  \\$aW1606-1753$b00$c20171028$lBLL01$h1604

