=LDR  01867 am a2200469 a 4500
=001  016894336
=003  Uk
=005  20130913170413.0
=006  m\\\\||\\d\|\\\\\\
=007  cr\|||||||||||
=008  130913q18491859sp\a\\\\o\\\\\000\0\cat\d
=FMT  \\$a  BK
=040  \\$aUkCU$beng$cUkCU$dUk
=245  00$aGitanos y paus :$bCansons nobas que cantan estas collas demostrán sa rivalitat, seguidas de un consell per la seba unió.
=246  30$aCansons nobas que cantan estas collas demostrán sa rivalitat
=260  \\$aBarcelona :$bEn casa Juan Llorens, carré de la Palma de Sta. Catarina,$c[between 1849-1859]
=300  \\$a1 online resource
=336  \\$atext$2rdacontent
=337  \\$acomputer$2rdamedia
=338  \\$aonline resources$2rdacarrier
=500  \\$aText printed in two columns.
=500  \\$aIn verse.
=500  \\$aIllustration incorporated within title.
=500  \\$aCaption title.
=500  \\$aPrinted on coloured paper.
=500  \\$aImprint from colophon.
=500  \\$aCanso dels paus que cantan las collas dels gitanos -- Canso dels gitanos que cantan las collas dels paus -- El imparcial.
=599  \\$aItem no. T28 in volume 1074.g.26.$5Uk
=533  \\$aElectronic Reproduction$bLondon$cBritish Library$d2012$nItem no. T28 in volume 1074.g.26.$5Uk
=650  \0$aRomanies.
=650  \0$aSongs, Catalan$vTexts.
=650  \4$aGitanos.
=653  \0$aCanciones catalanas--Textos.
=655  \7$aChapbooks$zSpain.$2rbgenr
=752  \\$aSpain$dBarcelona.
=856  40$uhttp://cudl.lib.cam.ac.uk/view/PR-01074-G-00026-00028$yCambridge Digital Library
=859  \\$aXLD$bCambridge Digital Library
=CAT  \\$aWR14_159$b00$c20141016$lBLL01$h1656
=CAT  \\$aWR14_181$c20150323$lBLL01$h1403
=CAT  \\$aW1606-1753$c20171028$lBLL01$h1604
=SRC  \\$aBLWrongdoing
=LAS  \\$aW1606-1753$b00$c20171028$lBLL01$h1604

