=LDR  01773 am a2200481 a 4500
=001  016894338
=003  Uk
=005  20130913172119.0
=006  m\\\\||\\d\|\\\\\\
=007  cr\|||||||||||
=008  130913s1859\\\\sp\a\\\\o\\\\\000\0\spa\d
=FMT  \\$a  BK
=040  \\$aUkCU$beng$cUkCU$dUk
=245  03$aEl nuevo tormento, ó, Amores de Anselmo a Nice :$bcon el nuevo panteon.
=246  33$aAmores de Anselmo a Nice
=260  \\$aBarcelona :$bEn casa Juan Llorens, calle de la Palma de Sta. Catalina,$c1857$f(Imp. de José Tauló, calle de Cirés, n.° 5)
=300  \\$a1 online resource
=336  \\$atext$2rdacontent
=337  \\$acomputer$2rdamedia
=338  \\$aonline resources$2rdacarrier
=500  \\$aText printed in two columns.
=500  \\$aIn verse.
=500  \\$aIllustration at head of title; additional illustration at head of p. [3].
=500  \\$aCaption title.
=500  \\$aPrinted on coloured paper.
=500  \\$aImprint from colophon.
=500  \\$a"Tumba de Nice": p. [3-4]
=599  \\$aItem no. T30 in volume 1074.g.26.$5Uk
=533  \\$aElectronic Reproduction$bLondon$cBritish Library$d2012$nItem no. T30 in volume 1074.g.26.$5Uk
=650  \0$aMan-woman relationships.
=650  \0$aLove.
=650  \4$aRelaciones hombre-mujer.
=650  \4$aAmor.
=655  \7$aChapbooks$zSpain.$2rbgenr
=740  02$aTumba de Nice.
=752  \\$aSpain$dBarcelona.
=856  40$uhttp://cudl.lib.cam.ac.uk/view/PR-01074-G-00026-00030$yCambridge Digital Library
=859  \\$aXLD$bCambridge Digital Library
=CAT  \\$aWR14_159$b00$c20141016$lBLL01$h1656
=CAT  \\$aWR14_181$c20150323$lBLL01$h1403
=CAT  \\$aW1606-1753$c20171028$lBLL01$h1604
=SRC  \\$aBLWrongdoing
=LAS  \\$aW1606-1753$b00$c20171028$lBLL01$h1604

