=LDR  02322 am a2200505 a 4500
=001  016894340
=003  Uk
=005  20131022105504.0
=006  m\\\\||\\d\|\\\\\\
=007  cr\|||||||||||
=008  131022s1859\\\\sp\a\\\\o\\\\\000\0\spa\d
=FMT  \\$a  BK
=040  \\$aUkCU$beng$cUkCU$dUk
=245  00$aEl sepulcro, ó, Lo que puede el amor :$bdesesperacion de Leandro al pié del sepulcro de su adorada Emilia : primera parte del sepulturero.
=246  30$aLo que puede el amor
=260  \\$aBarcelona :$bEn casa Juan Llorens, calle de la Palma de Sta. Catalina,$c1859$f(Imp. de José Tauló, calle de Cirés, n.° 5)
=300  \\$a1 online resource
=336  \\$atext$2rdacontent
=337  \\$acomputer$2rdamedia
=338  \\$aonline resources$2rdacarrier
=500  \\$aText printed in two columns.
=500  \\$aIn verse.
=500  \\$aIllustration at head of title; second part with two additional illustrations at head of title and one illustration at foot of p. [7].
=500  \\$aCaption title.
=500  \\$aImprint from colophon. Imprint on part two reads: "Véndese en casa Juan Llorens, calle de la Palma de Sta. Catalina (Imp. de José Tauló, calle de la Tapineria, n.° 58)."
=500  \\$a"Cancion del sepulcro": p. [3-4].
=500  \\$a"Nueva cancion Morir de amor: segunda parte del sepulcro": p. [8].
=500  \\$aIn two parts. Part two has title: "El sepulcro, ó, Lo que puede el amor: trágico fin de Leandro al pié del sepulcro de su adorada Emilia: segunda parte del Sepulturero."
=599  \\$aItem no. T32 in volume 1074.g.26.$5Uk
=533  \\$aElectronic Reproduction$bLondon$cBritish Library$d2012$nItem no. T32 in volume 1074.g.26.$5Uk
=650  \0$aGrief.
=650  \0$aBereavement.
=650  \4$aPena.
=650  \4$aDuelo (Luto)
=655  \7$aChapbooks$zSpain.$2rbgenr
=740  02$aCanción de sepulcro.
=740  02$aNueva cancion Morir de amor.
=752  \\$aSpain$dBarcelona.
=856  40$uhttp://cudl.lib.cam.ac.uk/view/PR-01074-G-00026-00032$yCambridge Digital Library
=859  \\$aXLD$bCambridge Digital Library
=CAT  \\$aWR14_159$b00$c20141016$lBLL01$h1656
=CAT  \\$aWR14_181$c20150323$lBLL01$h1403
=CAT  \\$aW1606-1753$c20171028$lBLL01$h1604
=SRC  \\$aBLWrongdoing
=LAS  \\$aW1606-1753$b00$c20171028$lBLL01$h1604

