=LDR  01969 am a2200481 a 4500
=001  016894341
=003  Uk
=005  20131022110552.0
=006  m\\\\||\\d\|\\\\\\
=007  cr\|||||||||||
=008  131022s1859\\\\sp\a\\\\o\\\\\000\0\spa\d
=FMT  \\$a  BK
=040  \\$aUkCU$beng$cUkCU$dUk
=245  03$aEl solteron :$bmanifiesto que hace un mozo soltero á sus compañeros y amigos, manifestándoles los 199 motivos que se deben considerar para no casarse, y la contestacion de una muger sábia.
=246  30$aManifiesto que hace un mozo soltero á sus compañeros y amigos
=260  \\$aBarcelona :$bEn casa Juan Llorens, calle de la Palma de Sta. Catalina,$c1859$f(Imp. de José Tauló, calle de la Tapinería, n.°58)
=300  \\$a1 online resource
=336  \\$atext$2rdacontent
=337  \\$acomputer$2rdamedia
=338  \\$aonline resources$2rdacarrier
=500  \\$aText printed in two columns.
=500  \\$aIn verse.
=500  \\$aIllustration at head of title.
=500  \\$aCaption title.
=500  \\$aPrinted on coloured paper.
=500  \\$aImprint from colophon.
=500  \\$a"Contestacion de una muger sabia": p. [4].
=599  \\$aItem no. T33 in volume 1074.g.26.$5Uk
=533  \\$aElectronic Reproduction$bLondon$cBritish Library$d2012$nItem no. T33 in volume 1074.g.26.$5Uk
=650  \0$aSatire, Spanish.
=650  \0$aMarriage$xSocial aspects.
=650  \4$aSátira española.
=650  \4$aMatrimonio$xAspectos sociales.
=655  \7$aChapbooks$zSpain.$2rbgenr
=740  02$aContestacion de una muger sabia.
=752  \\$aSpain$dBarcelona.
=856  40$uhttp://cudl.lib.cam.ac.uk/view/PR-01074-G-00026-00033$yCambridge Digital Library
=859  \\$aXLD$bCambridge Digital Library
=CAT  \\$aWR14_159$b00$c20141016$lBLL01$h1656
=CAT  \\$aWR14_181$c20150323$lBLL01$h1403
=CAT  \\$aW1606-1753$c20171028$lBLL01$h1604
=SRC  \\$aBLWrongdoing
=LAS  \\$aW1606-1753$b00$c20171028$lBLL01$h1604

