=LDR  01946 am a2200481 a 4500
=001  016894342
=003  Uk
=005  20131022111949.0
=006  m\\\\||\\d\|\\\\\\
=007  cr\|||||||||||
=008  131022q18421898sp\a\\\\o\\\\\000\0\spa\d
=FMT  \\$a  BK
=040  \\$aUkCU$beng$cUkCU$dUk
=245  03$aEl nuevo tango americano :$bcancion nueva, acompañada con las dos últimas y chocantes canciones tituladas La castañera de Madrid y Los toros del puerto : segunda parte.
=246  30$aTango americano
=260  \\$aBarcelona :$bVéndese en casa Juan Llorens, calle de la Palma de Sta. Catalina,$c[between 1842 and 1898?]$f(Imp. de José Tauló, calle de la Tapineria, n.° 58)
=300  \\$a1 online resource
=336  \\$atext$2rdacontent
=337  \\$acomputer$2rdamedia
=338  \\$aonline resources$2rdacarrier
=500  \\$aText printed in two columns.
=500  \\$aIn verse.
=500  \\$aIllustration at head of title; additional illustration at head of p. [3].
=500  \\$aCaption title.
=500  \\$aPrinted on coloured paper.
=500  \\$aImprint from colophon.
=500  \\$a"La castañera de Madrid": p. [3].
=500  \\$a"Los toros del puerto": p. [4].
=599  \\$aItem no. T34 in volume 1074.g.26.$5Uk
=533  \\$aElectronic Reproduction$bLondon$cBritish Library$d2012$nItem no. T34 in volume 1074.g.26.$5Uk
=650  \0$aSongs, Spanish.
=653  \0$aCanciones españolas.
=655  \7$aChapbooks$zSpain.$2rbgenr
=740  02$aCastañera de Madrid.
=740  02$aToros del puerto.
=752  \\$aSpain$dBarcelona.
=856  40$uhttp://cudl.lib.cam.ac.uk/view/PR-01074-G-00026-00034$yCambridge Digital Library
=859  \\$aXLD$bCambridge Digital Library
=CAT  \\$aWR14_159$b00$c20141016$lBLL01$h1656
=CAT  \\$aWR14_181$c20150323$lBLL01$h1403
=CAT  \\$aW1606-1753$c20171028$lBLL01$h1604
=SRC  \\$aBLWrongdoing
=LAS  \\$aW1606-1753$b00$c20171028$lBLL01$h1604

