=LDR  01766 am a2200445 a 4500
=001  016894345
=003  Uk
=005  20131022124916.0
=006  m\\\\||\\d\|\\\\\\
=007  cr\|||||||||||
=008  131022s1859\\\\sp\a\\\\o\\\\\000\0\spa\d
=FMT  \\$a  BK
=040  \\$aUkCU$beng$cUkCU$dUk
=245  03$aEl calesero andaluz :$badornado con parola y nuevamente arreglada por un aficionado ; y junto sigue La verdulera de Madrid.
=260  \\$aBarcelona :$bVéndese en casa Juan Llorens, calle de la Palma de Sta. Catalina,$c1859$f(Imp. de JoséTauló, calle de Cirés, n. 5.°)
=300  \\$a1 online resource
=336  \\$atext$2rdacontent
=337  \\$acomputer$2rdamedia
=338  \\$aonline resources$2rdacarrier
=500  \\$aText printed in two columns.
=500  \\$aIn verse.
=500  \\$aIllustration at head of title; additional illustration at head of p. [4].
=500  \\$aCaption title.
=500  \\$aPrinted on coloured paper.
=500  \\$aImprint from colophon.
=500  \\$a"La verdulera de Madrid": p. [4].
=599  \\$aItem no. T37 in volume 1074.g.26.$5Uk
=533  \\$aElectronic Reproduction$bLondon$cBritish Library$d2012$nItem no. T37 in volume 1074.g.26.$5Uk
=655  \7$aChapbooks$zSpain.$2rbgenr
=650  \0$aSongs, Spanish$vTexts.
=653  \0$aCanciones españolas--Textos.
=740  02$aVerdulera de Madrid.
=752  \\$aSpain$dBarcelona.
=856  40$uhttp://cudl.lib.cam.ac.uk/view/PR-01074-G-00026-00037$yCambridge Digital Library
=859  \\$aXLD$bCambridge Digital Library
=CAT  \\$aWR14_159$b00$c20141016$lBLL01$h1656
=CAT  \\$aWR14_181$c20150323$lBLL01$h1403
=CAT  \\$aW1606-1753$c20171028$lBLL01$h1604
=SRC  \\$aBLWrongdoing
=LAS  \\$aW1606-1753$b00$c20171028$lBLL01$h1604

