=LDR  02398 am a2200577 a 4500
=001  016894346
=003  Uk
=005  20140519172955.0
=006  m\\\\||\\d\|\\\\\\
=007  cr\|||||||||||
=008  131025q18491859sp\a\\\\o\\\\\000\0\spa\d
=FMT  \\$a  BK
=040  \\$aUkCU$beng$cUkCU$dUk
=245  00$aJusto y ejemplar castigo :$bRelacion de la sentencia ejecutada el dia 14 de mayo en el pueblo de Tarrasa, en la persona de Narciso Casademunt y Aulét, de oficio tejedor, soltero de 27 años de edad, natural de Caldes de Mombuy : y sucinta esplicacion de lo que ha hecho desde el dia de su prision hasta el dia de su desastroso fin.
=246  30$aRelacion de la sentencia ejecutada el dia 14 de mayo en el pueblo de Tarrasa
=260  \\$aBarcelona :$bEn casa Juan Llorens, calle de la Palma de Sta. Catalina,$c[between 1849 and 1859]$f(Imp. de José Tauló, Tapineria, n.° 58)
=300  \\$a1 online resource
=336  \\$atext$2rdacontent
=337  \\$acomputer$2rdamedia
=338  \\$aonline resources$2rdacarrier
=500  \\$aText printed in two columns.
=500  \\$aIn verse.
=500  \\$aIllustration at head of title; additional illustration at head of p. [4].
=500  \\$aCaption title.
=500  \\$aPrinted on coloured paper.
=500  \\$aImprint from colophon.
=599  \\$aItem no. T38 in volume 1074.g.26.$5Uk
=533  \\$aElectronic Reproduction$bLondon$cBritish Library$d2012$nItem no. T38 in volume 1074.g.26.$5Uk
=600  14$aNarciso Casademunt (Fictitious character)
=650  \0$aAtrocities.
=650  \0$aMurder.
=650  \0$aFratricide.
=650  \0$aInfanticide.
=650  \0$aCapital punishment.
=650  \4$aAtrocidades.
=650  \4$aInfanticidio.
=650  \4$aAsesinato.
=650  \4$aFratricidio.
=650  \4$aPena de muerte.
=653  \1$aNarciso Casademunt (Personaje ficticio)
=655  \7$aChapbooks$zSpain.$2rbgenr
=662  \\$aSpain$dTarrasa$2lcsh-naf
=662  \\$aSpain$dCaldas de Montbuy$2lcsh-naf
=752  \\$aSpain$dBarcelona.
=856  40$uhttp://cudl.lib.cam.ac.uk/view/PR-01074-G-00026-00038$yCambridge Digital Library
=859  \\$aXLD$bCambridge Digital Library
=CAT  \\$aWR14_159$b00$c20141016$lBLL01$h1656
=CAT  \\$aWR14_181$c20150323$lBLL01$h1403
=CAT  \\$aW1606-1753$c20171028$lBLL01$h1604
=SRC  \\$aBLWrongdoing
=LAS  \\$aW1606-1753$b00$c20171028$lBLL01$h1604

