=LDR  02018 am a2200433 a 4500
=001  016894347
=003  Uk
=005  20131025122438.0
=006  m\\\\||\\d\|\\\\\\
=007  cr\|||||||||||
=008  131025s1858\\\\sp\a\\\\o\\\\\000\0\spa\d
=FMT  \\$a  BK
=040  \\$aUkCU$beng$cUkCU$dUk
=245  00$aCantos populares de José Anselmo Clavé :$bpuestos en música por el mismo.
=260  \\$aBarcelona :$bSe halla de venta en casa de Antonio Bosch, calle baja de S. Pedro, núm. 71 ,$c1858$f(Imp. de La Publicidad, á cargo de Antonio Flotats, baj. Cárcel, n.° 6)
=300  \\$a1 online resource
=336  \\$atext$2rdacontent
=337  \\$acomputer$2rdamedia
=338  \\$aonline resources$2rdacarrier
=500  \\$aText printed in one or two columns.
=500  \\$aIn verse.
=500  \\$aIllustration below title; additional illustrations below title of n.° 2 and n.° 3, respectively.
=500  \\$aCaption title.
=500  \\$aN.° 3 has imprint: Imprenta de Narciso Ramirez, Escudellers 40, piso principal.
=505  0\$an.° 1. Acomandria y Sacabuches, juguete lírico a dos voces -- n.° 2. La flor de mayo; La ilusion; La flor de las tunas; Al baile! -- n.° 3. Las auras del valle; La fiesta en la aldea; La azucena; Separacion; Alborada.
=599  \\$aItem no. T39 in volume 1074.g.26.$5Uk
=533  \\$aElectronic Reproduction$bLondon$cBritish Library$d2012$nItem no. T39 in volume 1074.g.26.$5Uk
=650  \0$aSongs, Spanish$vTexts.
=653  \0$aCanciones españolas--Textos.
=655  \7$aChapbooks$zSpain.$2rbgenr
=700  1\$aClavé i Camps, Josep Anselm,$d1824-1874.
=752  \\$aSpain$dBarcelona.
=856  40$uhttp://cudl.lib.cam.ac.uk/view/PR-01074-G-00026-00039$yCambridge Digital Library
=859  \\$aXLD$bCambridge Digital Library
=CAT  \\$aWR14_159$b00$c20141016$lBLL01$h1656
=CAT  \\$aWR14_181$c20150323$lBLL01$h1403
=CAT  \\$aW1606-1753$c20171028$lBLL01$h1604
=SRC  \\$aBLWrongdoing
=LAS  \\$aW1606-1753$b00$c20171028$lBLL01$h1604

