=LDR  01987 am a2200469 a 4500
=001  016894356
=003  Uk
=005  20140602102643.0
=006  m\\\\||\\d\|\\\\\\
=007  cr\|||||||||||
=008  131025s1858\\\\sp\a\\\\o\\\\\000\0\spa\\
=FMT  \\$a  BK
=040  \\$aUkCU$beng$cUkCU$dUk
=245  03$aEl cantor de las hermosas :$btrobas de amor dedicadas al bello secso por unos aficionados.
=246  30$aTrobas de amor dedicadas al bello secso por unos aficionados
=260  \\$aBarcelona :$bImp. de Ignacio Estivill, calle del Conde del Asalto, núm. 65, se halla de venta en casa de Antonio Bosch, calle baja de San Pedro, núm. 71,$c1858.
=300  \\$a1 online resource
=336  \\$atext$2rdacontent
=337  \\$acomputer$2rdamedia
=338  \\$aonline resources$2rdacarrier
=500  \\$aText printed in two columns.
=500  \\$aTwo separate illustrations below title; additional illustration at head of p. 63.
=500  \\$aIn verse.
=500  \\$aImprint from colophon.
=500  \\$aPrinted on coloured paper.
=500  \\$a"Núm. 16."
=505  0\$aTu sonris -- Un rizo --El baratero zeviyano, cancion andaluza -- La sonrisa.
=599  \\$aItem no. T48 in volume 1074.g.26.$5Uk
=533  \\$aElectronic Reproduction$bLondon$cBritish Library$d2012$nItem no. T48 in volume 1074.g.26.$5Uk
=650  \0$aSongs, Spanish$vTexts.
=653  \0$aCanciones españolas--Textos.
=655  \7$aChapbooks$zSpain.$2rbgenr
=700  1\$aEstivill, Ignacio,$dactive 1816-1852$cactive 1816-1852,$eprinter.$5Uk
=752  \\$aSpain$dBarcelona.
=856  40$uhttp://cudl.lib.cam.ac.uk/view/PR-01074-G-00026-00048$yCambridge Digital Library
=859  \\$aXLD$bCambridge Digital Library
=CAT  \\$aWR14_159$b00$c20141016$lBLL01$h1656
=CAT  \\$aBATCH-UPD$b00$c20141016$lBLL01$h1710
=CAT  \\$aWR14_181$c20150323$lBLL01$h1403
=CAT  \\$aW1606-1753$c20171028$lBLL01$h1604
=SRC  \\$aBLWrongdoing
=LAS  \\$aW1606-1753$b00$c20171028$lBLL01$h1604

