=LDR  01814 am a2200445 a 4500
=001  016894358
=003  Uk
=005  20131026093923.0
=006  m\\\\||\\d\|\\\\\\
=007  cr\|||||||||||
=008  131026s1857\\\\sp\a\\\\o\\\\\000\0\spa\\
=FMT  \\$a  BK
=040  \\$aUkCU$beng$cUkCU$dUk
=245  03$aEl cantor de las hermosas :$btrobas de amor dedicadas al bello secso por unos aficionados.
=246  30$aTrobas de amor dedicadas al bello secso por unos aficionados
=260  \\$aBarcelona :$bSe hallará en casa Antonio Bosch, calle baja de San Pedro, núm. 71,$c1857$f(Imprenta de Narciso Ramirez, Escudillers 40, piso 1.°)
=300  \\$a1 online resource
=336  \\$atext$2rdacontent
=337  \\$acomputer$2rdamedia
=338  \\$aonline resources$2rdacarrier
=500  \\$aText printed in two columns.
=500  \\$aIllustration below title; additional illustration at head of p. 91.
=500  \\$aIn verse.
=500  \\$aImprint from colophon.
=500  \\$aPrinted on coloured paper.
=500  \\$a"Núm. 23."
=505  0\$aLas rosas de abril, himno coreado -- La desesperacion -- Quejas de amor.
=599  \\$aItem no. T50 in volume 1074.g.26.$5Uk
=533  \\$aElectronic Reproduction$bLondon$cBritish Library$d2012$nItem no. T50 in volume 1074.g.26.$5Uk
=650  \0$aSongs, Spanish$vTexts.
=653  \0$aCanciones españolas--Textos.
=655  \7$aChapbooks$zSpain.$2rbgenr
=752  \\$aSpain$dBarcelona.
=856  40$uhttp://cudl.lib.cam.ac.uk/view/PR-01074-G-00026-00050$yCambridge Digital Library
=859  \\$aXLD$bCambridge Digital Library
=CAT  \\$aWR14_159$b00$c20141016$lBLL01$h1656
=CAT  \\$aWR14_181$c20150323$lBLL01$h1403
=CAT  \\$aW1606-1753$c20171028$lBLL01$h1604
=SRC  \\$aBLWrongdoing
=LAS  \\$aW1606-1753$b00$c20171028$lBLL01$h1604

