=LDR  01740 am a2200445 a 4500
=001  016894366
=003  Uk
=005  20131026103031.0
=006  m\\\\||\\d\|\\\\\\
=007  cr\|||||||||||
=008  131026s1859\\\\sp\a\\\\o\\\\\000\0\spa\\
=FMT  \\$a  BK
=040  \\$aUkCU$beng$cUkCU$dUk
=245  03$aEl cantor de las hermosas :$btrobas de amor dedicadas al bello secso por unos aficionados.
=246  30$aTrobas de amor dedicadas al bello secso por unos aficionados
=260  \\$aBarcelona :$bSe hallará de venta en casa Antonio Bosch, calle baja de S. Pedro, núm. 71,$c1859$f(Imp. Euterpe, de Antonio Bosch y J.A. Clavé, Ramalleras, 15)
=300  \\$a1 online resource
=336  \\$atext$2rdacontent
=337  \\$acomputer$2rdamedia
=338  \\$aonline resources$2rdacarrier
=500  \\$aText printed in two columns.
=500  \\$aIllustration below title.
=500  \\$aIn verse.
=500  \\$aImprint from colophon.
=500  \\$aPrinted on coloured paper.
=500  \\$a"Núm. 2."
=505  0\$aLa separacion -- A Blanca.
=599  \\$aItem no. T58 in volume 1074.g.26.$5Uk
=533  \\$aElectronic Reproduction$bLondon$cBritish Library$d2012$nItem no. T58 in volume 1074.g.26.$5Uk
=650  \0$aSongs, Spanish$vTexts.
=653  \0$aCanciones españolas--Textos.
=655  \7$aChapbooks$zSpain.$2rbgenr
=752  \\$aSpain$dBarcelona.
=856  40$uhttp://cudl.lib.cam.ac.uk/view/PR-01074-G-00026-00058$yCambridge Digital Library
=859  \\$aXLD$bCambridge Digital Library
=CAT  \\$aWR14_159$b00$c20141016$lBLL01$h1656
=CAT  \\$aWR14_181$c20150323$lBLL01$h1403
=CAT  \\$aW1606-1753$c20171028$lBLL01$h1604
=SRC  \\$aBLWrongdoing
=LAS  \\$aW1606-1753$b00$c20171028$lBLL01$h1604

