=LDR  01508 am a2200409 a 4500
=001  016894391
=003  Uk
=005  20131026130059.0
=006  m\\\\||\\d\|\\\\\\
=007  cr\|||||||||||
=008  131026s1857\\\\sp\a\\\\o\\\\\000\0\spa\\
=FMT  \\$a  BK
=040  \\$aUkCU$beng$cUkCU$dUk
=245  00$aFelicitacion.
=260  \\$aBarcelona :$bVéndesé frente la bajada de la Canonja, número 58,$caño 1857$f(Imp. de José Antonio Oliveras, calle de la Plata, núm. 2)
=300  \\$a1 online resource
=336  \\$atext$2rdacontent
=337  \\$acomputer$2rdamedia
=338  \\$aonline resources$2rdacarrier
=500  \\$aText printed in one column.
=500  \\$aIIlustrated title page; with ornamental woodcut border.
=500  \\$aCaption title.
=500  \\$aPrinted on coloured paper.
=500  \\$aIn verse.
=599  \\$aItem no. T83 in volume 1074.g.26.$5Uk
=533  \\$aElectronic Reproduction$bLondon$cBritish Library$d2012$nItem no. T83 in volume 1074.g.26.$5Uk
=650  \0$aGreeting cards.
=650  \4$aTarjetas de felicitación.
=655  \7$aChapbooks$zSpain.$2rbgenr
=752  \\$aSpain$dBarcelona.
=856  40$uhttp://cudl.lib.cam.ac.uk/view/PR-01074-G-00026-00083$yCambridge Digital Library
=859  \\$aXLD$bCambridge Digital Library
=CAT  \\$aWR14_159$b00$c20141016$lBLL01$h1656
=CAT  \\$aWR14_181$c20150323$lBLL01$h1403
=CAT  \\$aW1606-1753$c20171028$lBLL01$h1604
=SRC  \\$aBLWrongdoing
=LAS  \\$aW1606-1753$b00$c20171028$lBLL01$h1604

