=LDR  01878 am a2200469 a 4500
=001  016894402
=003  Uk
=005  20131101111827.0
=006  m\\\\||\\d\|\\\\\\
=007  cr\|||||||||||
=008  131101s1857\\\\sp\a\\\\o\\\\\000\0\spa\d
=FMT  \\$a  BK
=040  \\$aUkCU$beng$cUkCU$dUk
=245  00$aGozos al dulcísimo, gustosísimo y olorosísimo Sr. D. Chocolate, hijo de los Sres. D. Cacao y Azúcar y de la olorosísima y gustosísima Da. Canela :$bnacido y bautizado en la ciudad de Caracas, y sepultado en los cuerpos de las madres monjas, beatas y demas vivientes : remedio eficacísimo para todas las enfermedades vaporescas y flatulentas.
=260  \\$aValencia :$bImp. de J. Mariana,$c1857.
=300  \\$a1 online resource
=336  \\$atext$2rdacontent
=337  \\$acomputer$2rdamedia
=338  \\$aonline resources$2rdacarrier
=500  \\$aText printed in two columns.
=500  \\$aIn verse.
=500  \\$aIllustration at head of title.
=500  \\$aCaption title.
=500  \\$aPrinted on coloured paper.
=500  \\$aImprint from colophon.
=500  \\$a"Núm. 1."
=599  \\$aItem no. T94 in volume 1074.g.26.$5Uk
=533  \\$aElectronic Reproduction$bLondon$cBritish Library$d2012$nItem no. T94 in volume 1074.g.26.$5Uk
=650  \0$aSatire, Spanish.
=650  \0$aChocolate.
=650  \4$aSátira española.
=650  \4$aChocolate.
=655  \7$aChapbooks$zSpain.$2rbgenr
=662  \\$aVenezuela$dCaracas$2lcsh-naf
=752  \\$aSpain$dValencia.
=856  40$uhttp://cudl.lib.cam.ac.uk/view/PR-01074-G-00026-00094$yCambridge Digital Library
=859  \\$aXLD$bCambridge Digital Library
=CAT  \\$aWR14_159$b00$c20141016$lBLL01$h1656
=CAT  \\$aWR14_181$c20150323$lBLL01$h1403
=CAT  \\$aW1606-1753$c20171028$lBLL01$h1604
=SRC  \\$aBLWrongdoing
=LAS  \\$aW1606-1753$b00$c20171028$lBLL01$h1604

