=LDR  02245 am a2200589 a 4500
=001  016894405
=003  Uk
=005  20131107154959.0
=006  m\\\\||\\d\|\\\\\\
=007  cr\|||||||||||
=008  131107s1857\\\\sp\a\\\\o\\\\\000\0\spa\d
=FMT  \\$a  BK
=040  \\$aUkCU$beng$cUkCU$dUk
=245  00$aDoña Josefa Ramirez :$bNueva relacion en que se dá cuenta de los arrestos y arrojos que ha ejecutado esta noble señora : con lo demás que verá el curioso lector.
=246  30$aNueva relacion en que se dá cuenta de los arrestos y arrojos que ha ejecutado esta noble señora
=260  \\$aValencia :$bImprenta y librería de Juan Mariana, calle de la Lonja, núm. 7,$c1857.
=300  \\$a1 online resource
=336  \\$atext$2rdacontent
=337  \\$acomputer$2rdamedia
=338  \\$aonline resources$2rdacarrier
=500  \\$aText printed in two columns.
=500  \\$aIn verse.
=500  \\$aIllustration incorporated within title.
=500  \\$aCaption title.
=500  \\$aPrinted on coloured paper.
=500  \\$aImprint from colophon.
=500  \\$a"Núm. 7."
=500  \\$aIn two parts.
=599  \\$aItem no. T97 in volume 1074.g.26.$5Uk
=533  \\$aElectronic Reproduction$bLondon$cBritish Library$d2012$nItem no. T97 in volume 1074.g.26.$5Uk
=650  \0$aSex role.
=650  \0$aRevenge.
=650  \4$aRol sexual.
=650  \4$aVenganza.
=650  \4$aConventos.
=650  \4$aJosefa Ramírez (Fictitious character)
=650  \4$aPedro Valenzuela (Fictitious character)
=653  \1$aJosefa Ramírez (Personaje ficticio)
=653  \1$aPedro Valenzuela (Personaje ficticio)
=655  \7$aChapbooks$zSpain.$2rbgenr
=662  \\$aSpain$dBarcelona$2lcsh-naf
=662  \\$aItaly$dRome$2lcsh-naf
=662  \\$aSpain$dAlicante$2lcsh-naf
=662  \\$aSpain$dValencia$2lcsh-naf
=752  \\$aSpain$dValencia.
=856  40$uhttp://cudl.lib.cam.ac.uk/view/PR-01074-G-00026-00097$yCambridge Digital Library
=859  \\$aXLD$bCambridge Digital Library
=CAT  \\$aWR14_159$b00$c20141016$lBLL01$h1656
=CAT  \\$aWR14_181$c20150323$lBLL01$h1403
=CAT  \\$aW1606-1753$c20171028$lBLL01$h1604
=SRC  \\$aBLWrongdoing
=LAS  \\$aW1606-1753$b00$c20171028$lBLL01$h1604

