=LDR  01920 am a2200481 a 4500
=001  016894406
=003  Uk
=005  20131107170035.0
=006  m\\\\||\\d\|\\\\\\
=007  cr\|||||||||||
=008  131107s1857\\\\sp\a\\\\o\\\\\000\0\spa\d
=FMT  \\$a  BK
=040  \\$aUkCU$beng$cUkCU$dUk
=245  00$aAlabanzas á los prodigios y milagros de San Antonio de Padua, abogado de sus devotos en las necesidades.
=246  30$aSan Antonio de Padua
=260  \\$aValencia :$bImprenta y librería de Juan Mariana, calle de la Lonja, núm. 7,$c1857.
=300  \\$a1 online resource
=336  \\$atext$2rdacontent
=337  \\$acomputer$2rdamedia
=338  \\$aonline resources$2rdacarrier
=500  \\$aText printed in two columns.
=500  \\$aIn verse.
=500  \\$aIllustration at head of title.
=500  \\$aCaption title.
=500  \\$aPrinted on coloured paper.
=500  \\$aImprint from colophon.
=500  \\$a"Núm. 8."
=500  \\$a"Responsorio del glorioso San Antonio de Padua, abogado de las cosas perdidas": p. [4].
=599  \\$aItem no. T98 in volume 1074.g.26.$5Uk
=533  \\$aElectronic Reproduction$bLondon$cBritish Library$d2012$nItem no. T98 in volume 1074.g.26.$5Uk
=600  00$aAnthony,$cof Padua, Saint,$d1195-1231$xMiracles.
=653  \1$aSan Antonio de Padua, 1195-1231--Milagros.
=655  \7$aChapbooks$zSpain.$2rbgenr
=740  02$aResponsorio del glorioso San Antonio de Padua, abogado de las cosas perdidas.
=752  \\$aSpain$dValencia.
=856  40$uhttp://cudl.lib.cam.ac.uk/view/PR-01074-G-00026-00098$yCambridge Digital Library
=859  \\$aXLD$bCambridge Digital Library
=CAT  \\$aWR14_159$b00$c20141016$lBLL01$h1656
=CAT  \\$aBATCH-UPD$b00$c20141016$lBLL01$h1710
=CAT  \\$aWR14_181$c20150323$lBLL01$h1403
=CAT  \\$aW1606-1753$c20171028$lBLL01$h1604
=SRC  \\$aBLWrongdoing
=LAS  \\$aW1606-1753$b00$c20171028$lBLL01$h1604

