=LDR  02205 am a2200565 a 4500
=001  016894407
=003  Uk
=005  20150225122245.0
=006  m\\\\||\\d\|\\\\\\
=007  cr\|||||||||||
=008  131107s1857\\\\sp\a\\\\o\\\\\000\0\spa\d
=FMT  \\$a  BK
=040  \\$aUkCU$beng$cUkCU$dUk
=245  00$aRelacion del Conde Alarcos :$ben la que se refiere la trágica muerte que dió à su muger por casarse con la Infanta.
=246  30$aConde Alarcos
=260  \\$aValencia :$bImprenta y librería de Juan Mariana, calle de la Lonja, núm. 7,$c1857.
=300  \\$a1 online resource
=336  \\$atext$2rdacontent
=337  \\$acomputer$2rdamedia
=338  \\$aonline resources$2rdacarrier
=500  \\$aText printed in two columns.
=500  \\$aIn verse.
=500  \\$aIllustration at head of title; additional illustration at foot of p. [6].
=500  \\$aCaption title.
=500  \\$aPrinted on coloured paper.
=500  \\$aImprint from colophon.
=500  \\$a"Núm. 11."
=500  \\$a"Confesion de la bella Elisa, acusándose de los amores que tuvo con un querido": p. [3].
=500  \\$a"Respuesta a la confesion": p. [4]
=599  \\$aItem no. T99 in volume 1074.g.26.$5Uk
=533  \\$aElectronic Reproduction$bLondon$cBritish Library$d2012$nItem no. T99 in volume 1074.g.26.$5Uk
=650  \0$aJudgment of God.
=650  \0$aChristianity and justice.
=650  \0$aMurder.
=650  \4$aConde Alarcos (Fictitious character)
=650  \4$aAsesinato.
=653  \0$aJusticia divina.
=653  \1$aConde Alarcos (Personaje ficticio)
=655  \7$aChapbooks$zSpain.$2rbgenr
=740  02$aConfesion de la bella Elisa, acusándose de los amores que tuvo con un querido.
=740  02$aRespuesta a la confesion.
=752  \\$aSpain$dValencia.
=856  40$uhttp://cudl.lib.cam.ac.uk/view/PR-01074-G-00026-00099$yCambridge Digital Library
=859  \\$aXLD$bCambridge Digital Library
=CAT  \\$aWR14_159$b00$c20141016$lBLL01$h1656
=CAT  \\$a2833$b40$c20150225$lBLL01$h1222
=CAT  \\$aWR14_181$c20150323$lBLL01$h1403
=CAT  \\$aW1606-1753$c20171028$lBLL01$h1604
=SRC  \\$aBLWrongdoing
=LAS  \\$aW1606-1753$b00$c20171028$lBLL01$h1604

