=LDR  01879 am a2200481 a 4500
=001  016894415
=003  Uk
=005  20131108150708.0
=006  m\\\\||\\d\|\\\\\\
=007  cr\|||||||||||
=008  131108q17801860sp\\\\\\o\\\\\000\0\spa\d
=FMT  \\$a  BK
=040  \\$aUkCU$beng$cUkCU$dUk
=245  00$aRelacion y curioso romance en el que se declara el horroroso hecho que ha ejecutado Juan Guerrero (á) el cuartelero con su fiel esposa :$by el desgraciado fin que tuvo, en la ciudad de Almeria en este presente año : con lo demas que verá el curioso lector.
=260  \\$aAlmeria :$bImp. de la Viuda de Santamaria, calle de las tiendas, núm. 69,$c[between 1780 and 1860?]
=300  \\$a1 online resource
=336  \\$atext$2rdacontent
=337  \\$acomputer$2rdamedia
=338  \\$aonline resources$2rdacarrier
=500  \\$aText printed in two columns.
=500  \\$aIn verse.
=500  \\$aCaption title.
=500  \\$aImprint from colophon.
=599  \\$aItem no. T1 in volume 1074.g.24.$5Uk
=533  \\$aElectronic Reproduction$bLondon$cBritish Library$d2012$nItem no. T1 in volume 1074.g.24.$5Uk
=650  \0$aJuan Guerrero (Fictitious character)
=650  \0$aAdultery.
=650  \0$aRevenge.
=650  \0$aCapital punishment.
=650  \4$aAdulterio.
=650  \4$aVenganza.
=650  \4$aPena de muerte.
=653  \1$aJuan Guerrero (Personaje ficticio)
=655  \7$aChapbooks$zSpain.$2rbgenr
=662  \\$aSpain$dAlmería$2lcsh-naf
=752  \\$aSpain$dAlmería.
=856  40$uhttp://cudl.lib.cam.ac.uk/view/PR-01074-G-00024-00001$yCambridge Digital Library
=859  \\$aXLD$bCambridge Digital Library
=CAT  \\$aWR14_159$b00$c20141016$lBLL01$h1656
=CAT  \\$aWR14_181$c20150323$lBLL01$h1403
=CAT  \\$aW1606-1753$c20171028$lBLL01$h1604
=SRC  \\$aBLWrongdoing
=LAS  \\$aW1606-1753$b00$c20171028$lBLL01$h1604

