=LDR  01651 am a2200433 a 4500
=001  016894416
=003  Uk
=005  20131108151542.0
=006  m\\\\||\\d\|\\\\\\
=007  cr\|||||||||||
=008  131108q17791846sp\\\\\\o\\\\\000\0\spa\d
=FMT  \\$a  BK
=040  \\$aUkCU$beng$cUkCU$dUk
=100  1\$aIriarte, Tomás de,$d1750-1791.
=245  10$aGuzman el bueno:$bsoliloquio ú escena trágica unipersonal, con música en sus intervales /$cpor Don Tomas de Iriarte.
=260  \\$aBarcelona :$bEn la oficina de Juan Francisco Piferrer, impresor de S.M., véndese en su librería administrada por Juan Sellent,$c[between 1779 and 1846]
=300  \\$a1 online resource
=336  \\$atext$2rdacontent
=337  \\$acomputer$2rdamedia
=338  \\$aonline resources$2rdacarrier
=500  \\$aText printed in one column.
=500  \\$aIn verse.
=500  \\$aCaption title.
=500  \\$aImprint from colophon.
=500  \\$a"Núm. 17."
=599  \\$aItem no. T2 in volume 1074.g.24.$5Uk
=533  \\$aElectronic Reproduction$bLondon$cBritish Library$d2012$nItem no. T2 in volume 1074.g.24.$5Uk
=650  \0$aSpanish drama.
=650  \4$aTeatro español.
=653  \1$aGuzmán el Bueno.
=655  \7$aChapbooks$zSpain.$2rbgenr
=752  \\$aSpain$dBarcelona.
=856  40$uhttp://cudl.lib.cam.ac.uk/view/PR-01074-G-00024-00002$yCambridge Digital Library
=859  \\$aXLD$bCambridge Digital Library
=CAT  \\$aWR14_159$b00$c20141016$lBLL01$h1656
=CAT  \\$aWR14_181$c20150323$lBLL01$h1403
=CAT  \\$aW1606-1753$c20171028$lBLL01$h1604
=SRC  \\$aBLWrongdoing
=LAS  \\$aW1606-1753$b00$c20171028$lBLL01$h1604

