=LDR  01825 am a2200445 a 4500
=001  016894420
=003  Uk
=005  20131109084658.0
=006  m\\\\||\\d\|\\\\\\
=007  cr\|||||||||||
=008  131109s1847\\\\sp\a\\\\o\\\\\000\0\spa\d
=FMT  \\$a  BK
=040  \\$aUkCU$beng$cUkCU$dUk
=245  03$aEl hambre :$bel pan barato, el vino bueno y la carne gorda : famosa discusion que han tenido tres locos del hospital de Zaragoza, en la cual han resuelto la gran cuestion económica que agita á la Europa, sobre la carestía de estos tres artículos.
=246  30$aFamosa discusion que han tenido tres locos del hospital de Zaragoza
=260  \\$a[Barcelona] :$bImp. de la Fraternidad de J. Pont y Campins, calle de Tripó tras palacio, n.° 1,$cAbril 4 de 1847.
=300  \\$a1 online resource
=336  \\$atext$2rdacontent
=337  \\$acomputer$2rdamedia
=338  \\$aonline resources$2rdacarrier
=500  \\$aText printed in two columns.
=500  \\$aIn verse.
=500  \\$aIllustration at head of title.
=500  \\$aCaption title.
=500  \\$aImprint from colophon.
=599  \\$aItem no. T5a in volume 1074.g.24.$5Uk
=533  \\$aElectronic Reproduction$bLondon$cBritish Library$d2012$nItem no. T5a in volume 1074.g.24.$5Uk
=650  \0$aHunger.
=650  \4$aHambre.
=655  \7$aChapbooks$zSpain.$2rbgenr
=662  \\$aSpain$dZaragoza$2lcsh-naf
=662  \\$aEurope$2lcsh-naf
=752  \\$aSpain$dBarcelona.
=856  40$uhttp://cudl.lib.cam.ac.uk/view/PR-01074-G-00024-00005-A$yCambridge Digital Library
=859  \\$aXLD$bCambridge Digital Library
=CAT  \\$aWR14_159$b00$c20141016$lBLL01$h1656
=CAT  \\$aWR14_181$c20150323$lBLL01$h1403
=CAT  \\$aW1606-1753$c20171028$lBLL01$h1604
=SRC  \\$aBLWrongdoing
=LAS  \\$aW1606-1753$b00$c20171028$lBLL01$h1604

