=LDR  01745 am a2200457 a 4500
=001  016894422
=003  Uk
=005  20131109094042.0
=006  m\\\\||\\d\|\\\\\\
=007  cr\|||||||||||
=008  131109s1855\\\\sp\a\\\\o\\\\\000\0\spa\d
=FMT  \\$a  BK
=040  \\$aUkCU$beng$cUkCU$dUk
=245  00$aNuevas patrioticas :$bcompuestas para cantarlas con el himno de Riego, dedicadas á Espartero y á la Milicia Nacional.
=260  \\$aCuenca :$bImprenta de Pedro Mariana,$c1855.
=300  \\$a1 online resource
=336  \\$atext$2rdacontent
=337  \\$acomputer$2rdamedia
=338  \\$aonline resources$2rdacarrier
=500  \\$aText chiefly printed in two columns.
=500  \\$aIn verse.
=500  \\$aIllustration at head of title.
=500  \\$aCaption title.
=500  \\$aImprint from colophon.
=500  \\$a"N.° 59."
=500  \\$aAl inmortal pronunciamiento de Julio: soneto -- Al heroico pueblo de Madrid y al ejército libertador -- Soneto.
=599  \\$aItem no. T6 in volume 1074.g.24.$5Uk
=533  \\$aElectronic Reproduction$bLondon$cBritish Library$d2012$nItem no. T6 in volume 1074.g.24.$5Uk
=600  10$aEspartero, Baldomero,$d1793-1879.
=650  \0$aSongs, Spanish$xTexts
=653  \0$aCanciones españolas--Textos.
=655  \7$aChapbooks$zSpain.$2rbgenr
=662  \\$aSpain$dMadrid$2lcsh-naf
=752  \\$aSpain$dCuenca.
=856  40$uhttp://cudl.lib.cam.ac.uk/view/PR-01074-G-00024-00006$yCambridge Digital Library
=859  \\$aXLD$bCambridge Digital Library
=CAT  \\$aWR14_159$b00$c20141016$lBLL01$h1656
=CAT  \\$aWR14_181$c20150323$lBLL01$h1403
=CAT  \\$aW1606-1753$c20171028$lBLL01$h1604
=SRC  \\$aBLWrongdoing
=LAS  \\$aW1606-1753$b00$c20171028$lBLL01$h1604

