=LDR  01919 am a2200493 a 4500
=001  016894423
=003  Uk
=005  20131109102934.0
=006  m\\\\||\\d\|\\\\\\
=007  cr\|||||||||||
=008  131109s1859\\\\sp\a\\\\o\\\\\000\0\spa\d
=FMT  \\$a  BK
=040  \\$aUkCU$beng$cUkCU$dUk
=245  00$aNueva relacion en que se manifiesta la heregia que ha hecho Felipe Galeno en compañia de su esposa, con dos hijos suyos naturales de Torrequemada del Cerro, provincia de Estremadura :$by el castigo que han sufrido en dicho pueblo en el 20 del mes pasado de este presente año.
=260  \\$aReimpreso en Durango :$bImprenta de Manuel Vita ...,$c1859.
=300  \\$a1 online resource
=336  \\$atext$2rdacontent
=337  \\$acomputer$2rdamedia
=338  \\$aonline resources$2rdacarrier
=500  \\$aText printed in two columns.
=500  \\$aIn verse.
=500  \\$aTwo separate illustrations at head of title.
=500  \\$aCaption title.
=500  \\$aImprint from colophon.
=599  \\$aItem no. T7 in volume 1074.g.24.$5Uk
=533  \\$aElectronic Reproduction$bLondon$cBritish Library$d2012$nItem no. T7 in volume 1074.g.24.$5Uk
=650  \4$aFelipe Galeno (Fictitious character)
=650  \0$aMurder.
=650  \0$aInfanticide.
=650  \0$aCapital punishment.
=650  \4$aInfanticidio.
=650  \4$aAsesinato.
=650  \4$aPena de muerte.
=653  \1$aFelipe Galeno (Personaje ficticio)
=655  \7$aChapbooks$zSpain.$2rbgenr
=662  \\$aSpain$dCáceres$2lcsh-naf
=752  \\$aSpain$dDurango.
=856  40$uhttp://cudl.lib.cam.ac.uk/view/PR-01074-G-00024-00007$yCambridge Digital Library
=859  \\$aXLD$bCambridge Digital Library
=CAT  \\$aWR14_159$b00$c20141016$lBLL01$h1656
=CAT  \\$aWR14_181$c20150323$lBLL01$h1403
=CAT  \\$aW1606-1753$c20171028$lBLL01$h1604
=SRC  \\$aBLWrongdoing
=LAS  \\$aW1606-1753$b00$c20171028$lBLL01$h1604

