=LDR  01822 am a2200457 a 4500
=001  016894424
=003  Uk
=005  20131109101138.0
=006  m\\\\||\\d\|\\\\\\
=007  cr\|||||||||||
=008  131109q18181830sp\a\\\\o\\\\\000\0\spa\d
=FMT  \\$a  BK
=040  \\$aUkCU$beng$cUkCU$dUk
=245  00$aNueva relacion y curioso romance de un caso que ha sucedido en este presente año en la ciudad de Roma :$bde una muger que dió veneno á su madre, y despues dió muerte á su marido y á una hija suya, siendo por su causa degollado su padre todo por estár enamorado de él, como verá el curioso lector : primera parte.
=260  \\$aGranada :$bPor D. Mariano Saez,$c[between 1818 and 1830?]
=300  \\$a1 online resource
=336  \\$atext$2rdacontent
=337  \\$acomputer$2rdamedia
=338  \\$aonline resources$2rdacarrier
=500  \\$aText printed in two columns.
=500  \\$aIn verse.
=500  \\$aIllustration incorporated within title.
=500  \\$aCaption title.
=500  \\$aImprint from colophon.
=500  \\$aIn two parts.
=599  \\$aItem no. T8 in volume 1074.g.24.$5Uk
=533  \\$aElectronic Reproduction$bLondon$cBritish Library$d2012$nItem no. T8 in volume 1074.g.24.$5Uk
=650  \0$aWomen murderers.
=650  \0$aAtrocities.
=650  \4$aAsesinas.
=650  \4$aAtrocidades.
=655  \7$aChapbooks$zSpain.$2rbgenr
=662  \\$aItaly$dRome$2lcsh-naf
=752  \\$aSpain$dGranada.
=856  40$uhttp://cudl.lib.cam.ac.uk/view/PR-01074-G-00024-00008$yCambridge Digital Library
=859  \\$aXLD$bCambridge Digital Library
=CAT  \\$aWR14_159$b00$c20141016$lBLL01$h1656
=CAT  \\$aWR14_181$c20150323$lBLL01$h1403
=CAT  \\$aW1606-1753$c20171028$lBLL01$h1604
=SRC  \\$aBLWrongdoing
=LAS  \\$aW1606-1753$b00$c20171028$lBLL01$h1604

