=LDR  01676 am a2200481 a 4500
=001  016894426
=003  Uk
=005  20131109102437.0
=006  m\\\\||\\d\|\\\\\\
=007  cr\|||||||||||
=008  131109q17801830sp\\\\\\o\\\\\000\0\spa\d
=FMT  \\$a  BK
=040  \\$aUkCU$beng$cUkCU$dUk
=100  1\$aMoreto, Agustín,$d1618-1669.
=245  10$aPasillo de la comedia intitulada El desden con el desden /$cpor Don Agustin Moreno.
=246  30$aDesden con el desden
=260  \\$aCon licencia en Granada :$bEn la imprenta de D. Mariano Saez,$c[between 1818 and 1830?]
=300  \\$a1 online resource
=336  \\$atext$2rdacontent
=337  \\$acomputer$2rdamedia
=338  \\$aonline resources$2rdacarrier
=500  \\$aText printed in two columns.
=500  \\$aIn verse.
=500  \\$aCaption title.
=500  \\$aImprint from colophon.
=599  \\$aItem no. T10 in volume 1074.g.24.$5Uk
=533  \\$aElectronic Reproduction$bLondon$cBritish Library$d2012$nItem no. T10 in volume 1074.g.24.$5Uk
=650  \0$aSpanish drama.
=650  \0$aContempt (Attitude)
=650  \0$aLove.
=650  \4$aTeatro español.
=653  \0$aDesprecio.
=650  \4$aAmor.
=655  \7$aChapbooks$zSpain.$2rbgenr
=752  \\$aSpain$dGranada.
=856  40$uhttp://cudl.lib.cam.ac.uk/view/PR-01074-G-00024-00010$yCambridge Digital Library
=859  \\$aXLD$bCambridge Digital Library
=CAT  \\$aWR14_159$b00$c20141016$lBLL01$h1656
=CAT  \\$aBATCH-UPD$b00$c20141016$lBLL01$h1710
=CAT  \\$aWR14_181$c20150323$lBLL01$h1403
=CAT  \\$aW1606-1753$c20171028$lBLL01$h1604
=SRC  \\$aBLWrongdoing
=LAS  \\$aW1606-1753$b00$c20171028$lBLL01$h1604

