=LDR  01803 am a2200421 a 4500
=001  016894433
=003  Uk
=005  20131114154650.0
=006  m\\\\||\\d\|\\\\\\
=007  cr\|||||||||||
=008  131114q18181830sp\a\\\\o\\\\\000\0\spa\d
=FMT  \\$a  BK
=040  \\$aUkCU$beng$cUkCU$dUk
=245  00$aNuevo y curioso romance donde se da cuenta y declara el portentoso milagro que ha obrado la Virgen del Cármen y los Sagrados cuatro Evangelios con un devoto suyo despues de haber sido tan malo y perverso :$bcomo lo verá el curioso lector : sucedió el dia diez del mes de julio de este año pasado.
=260  \\$aGranada :$bpor D. Mariano Saez,$c[between 1818 and 1830?]
=300  \\$a1 online resource
=336  \\$atext$2rdacontent
=337  \\$acomputer$2rdamedia
=338  \\$aonline resources$2rdacarrier
=500  \\$aText printed in two columns.
=500  \\$aIn verse.
=500  \\$aTwo separate illustrations at head of title.
=500  \\$aCaption title.
=500  \\$aImprint from colophon.
=599  \\$aItem no. T17 in volume 1074.g.24.$5Uk
=533  \\$aElectronic Reproduction$bLondon$cBritish Library$d2012$nItem no. T17 in volume 1074.g.24.$5Uk
=600  10$aEspiritu Santo, María del Carmen del$xMracles.
=600  14$aEspiritu Santo, María del Carmen del$xMilagros.
=655  \7$aChapbooks$zSpain.$2rbgenr
=752  \\$aSpain$dGranada.
=856  40$uhttp://cudl.lib.cam.ac.uk/view/PR-01074-G-00024-00017$yCambridge Digital Library
=859  \\$aXLD$bCambridge Digital Library
=CAT  \\$aWR14_159$b00$c20141016$lBLL01$h1656
=CAT  \\$aBATCH-UPD$b00$c20141016$lBLL01$h1710
=CAT  \\$aWR14_181$c20150323$lBLL01$h1403
=CAT  \\$aW1606-1753$c20171028$lBLL01$h1604
=SRC  \\$aBLWrongdoing
=LAS  \\$aW1606-1753$b00$c20171028$lBLL01$h1604

