=LDR  01703 am a2200421 a 4500
=001  016894434
=003  Uk
=005  20131114155512.0
=006  m\\\\||\\d\|\\\\\\
=007  cr\|||||||||||
=008  131114q18181830sp\a\\\\o\\\\\000\0\spa\d
=FMT  \\$a  BK
=040  \\$aUkCU$beng$cUkCU$dUk
=245  00$aNueva relacion y lastimoso romance del ejemplar castigo que la magestad de Dios ha ejecutado con dos personas por haber levantado un falso testimonio un sacerdote :$by el milagro que ha obrado Sta. Barbara con este devoto suyo : con lo demas que verá el curioso lector.
=260  \\$aGranada :$bPor D. Mariano Saez de Juano,$c[between 1818 and 1830?]
=300  \\$a1 online resource
=336  \\$atext$2rdacontent
=337  \\$acomputer$2rdamedia
=338  \\$aonline resources$2rdacarrier
=500  \\$aText printed in two columns.
=500  \\$aIn verse.
=500  \\$aTwo separate illustrations at head of title.
=500  \\$aCaption title.
=500  \\$aImprint from colophon.
=599  \\$aItem no. T18 in volume 1074.g.24.$5Uk
=533  \\$aElectronic Reproduction$bLondon$cBritish Library$d2012$nItem no. T18 in volume 1074.g.24.$5Uk
=650  \0$aJudgment of God.
=650  \0$aChristianity and justice.
=653  \0$aJusticia divina.
=655  \7$aChapbooks$zSpain.$2rbgenr
=752  \\$aSpain$dGranada.
=856  40$uhttp://cudl.lib.cam.ac.uk/view/PR-01074-G-00024-00018$yCambridge Digital Library
=859  \\$aXLD$bCambridge Digital Library
=CAT  \\$aWR14_159$b00$c20141016$lBLL01$h1656
=CAT  \\$aWR14_181$c20150323$lBLL01$h1403
=CAT  \\$aW1606-1753$c20171028$lBLL01$h1604
=SRC  \\$aBLWrongdoing
=LAS  \\$aW1606-1753$b00$c20171028$lBLL01$h1604

