=LDR  01994 am a2200445 a 4500
=001  016894435
=003  Uk
=005  20131114160330.0
=006  m\\\\||\\d\|\\\\\\
=007  cr\|||||||||||
=008  131114q18181830sp\a\\\\o\\\\\000\0\spa\d
=FMT  \\$a  BK
=040  \\$aUkCU$beng$cUkCU$dUk
=245  00$aNueva relacion en que se da cuenta y declara un admirable prodigio que ha obrado la Divina Magestad por intercesion de su Santísima Madre Ntra. Sra. de Monserrat y los sagrados quatro Evangelios, con una muger que por haberse echado una maldicion y no querer criar á un hermano suyo, permitió Dios que se le agarrase de sus pechos dos enemigos en figura de culebras para escarmiento :$by por una devota rogativa y promesa que hizo su padre á la Virgen se vió libre : con lo demas que verá el curioso lector.
=260  \\$aReimpreso en Granada :$bPor D. Mariano Saez,$c[between 1818 and 1830?]
=300  \\$a1 online resource
=336  \\$atext$2rdacontent
=337  \\$acomputer$2rdamedia
=338  \\$aonline resources$2rdacarrier
=500  \\$aText printed in two columns.
=500  \\$aIn verse.
=500  \\$aIllustration at head of title.
=500  \\$aCaption title.
=500  \\$aImprint from colophon.
=599  \\$aItem no. T19 in volume 1074.g.24.$5Uk
=533  \\$aElectronic Reproduction$bLondon$cBritish Library$d2012$nItem no. T19 in volume 1074.g.24.$5Uk
=650  \0$aJudgment of God.
=650  \0$aChristianity and justice.
=650  \4$aSerpientes.
=650  \4$aDemonio.
=653  \0$aJusticia divina.
=655  \7$aChapbooks$zSpain.$2rbgenr
=752  \\$aSpain$dGranada.
=856  40$uhttp://cudl.lib.cam.ac.uk/view/PR-01074-G-00024-00019$yCambridge Digital Library
=859  \\$aXLD$bCambridge Digital Library
=CAT  \\$aWR14_159$b00$c20141016$lBLL01$h1656
=CAT  \\$aWR14_181$c20150323$lBLL01$h1403
=CAT  \\$aW1606-1753$c20171028$lBLL01$h1604
=SRC  \\$aBLWrongdoing
=LAS  \\$aW1606-1753$b00$c20171028$lBLL01$h1604

