=LDR  01753 am a2200481 a 4500
=001  016894436
=003  Uk
=005  20131114161011.0
=006  m\\\\||\\d\|\\\\\\
=007  cr\|||||||||||
=008  131114q18181830sp\a\\\\o\\\\\000\0\spa\d
=FMT  \\$a  BK
=040  \\$aUkCU$beng$cUkCU$dUk
=245  00$aNuevas y curiosas coplas en que se manifiestan los sucesos estraños acaecidos en el casamiento que celebraron quince novias en un dia y hora.
=260  \\$aGranada :$bImprenta de D. Mariano Saez,$c[between 1818 and 1830?]
=300  \\$a1 online resource
=336  \\$atext$2rdacontent
=337  \\$acomputer$2rdamedia
=338  \\$aonline resources$2rdacarrier
=500  \\$aText printed in two columns.
=500  \\$aIn verse.
=500  \\$aIllustration at head of title.
=500  \\$aCaption title.
=500  \\$aImprint from colophon.
=500  \\$a"Cuento de una casada á su marido": p. [2].
=599  \\$aItem no. T20 in volume 1074.g.24.$5Uk
=533  \\$aElectronic Reproduction$bLondon$cBritish Library$d2012$nItem no. T20 in volume 1074.g.24.$5Uk
=650  \0$aSongs, Spanish$vTexts.
=650  \0$aMarriage.
=650  \0$aBrides.
=650  \4$aMatrimonio.
=653  \0$aCanciones españolas--Textos.
=653  \0$aNovias.
=655  \7$aChapbooks$zSpain.$2rbgenr
=740  02$aCuento de una casada á su marido
=752  \\$aSpain$dGranada.
=856  40$uhttp://cudl.lib.cam.ac.uk/view/PR-01074-G-00024-00020$yCambridge Digital Library
=859  \\$aXLD$bCambridge Digital Library
=CAT  \\$aWR14_159$b00$c20141016$lBLL01$h1656
=CAT  \\$aWR14_181$c20150323$lBLL01$h1403
=CAT  \\$aW1606-1753$c20171028$lBLL01$h1604
=SRC  \\$aBLWrongdoing
=LAS  \\$aW1606-1753$b00$c20171028$lBLL01$h1604

