=LDR  02004 am a2200493 a 4500
=001  016894438
=003  Uk
=005  20131114172105.0
=006  m\\\\||\\d\|\\\\\\
=007  cr\|||||||||||
=008  131114s1822\\\\sp\a\\\\o\\\\\000\0\spa\d
=FMT  \\$a  BK
=040  \\$aUkCU$beng$cUkCU$dUk
=245  00$aNueva relacion y curioso romance en que se declara la afrentosa muerte que recibió Don José Oliver por resistir la violencia de una hija lasciva :$by el milagro que obró Ntra. Sra. del Cármen para que no se perdiera esta alma : con lo demas que verá el curioso lector.
=260  \\$aGranada :$bPor Don Mariano Saez,$caño de 1822.
=300  \\$a1 online resource
=336  \\$atext$2rdacontent
=337  \\$acomputer$2rdamedia
=338  \\$aonline resources$2rdacarrier
=500  \\$aText printed in two columns.
=500  \\$aIn verse.
=500  \\$aIllustration at head of title.
=500  \\$aCaption title.
=500  \\$aImprint from colophon.
=500  \\$aIn two parts.
=599  \\$aItem no. T22 in volume 1074.g.24.$5Uk
=533  \\$aElectronic Reproduction$bLondon$cBritish Library$d2012$nItem no. T22 in volume 1074.g.24.$5Uk
=600  10$aEspiritu Santo, María del Carmen del$xMiracles.
=600  14$aEspiritu Santo, María del Carmen del$xMilagros.
=650  \4$aJosé Oliver (Fictitious charachter)
=650  \0$aFathers and daughters.
=650  \4$aPadres e hijas.
=653  \1$aJosé Oliver (Personaje ficticio)
=655  \7$aChapbooks$zSpain.$2rbgenr
=662  \\$aSpain$dBarcelona$2lcsh-naf
=752  \\$aSpain$dGranada.
=856  40$uhttp://cudl.lib.cam.ac.uk/view/PR-01074-G-00024-00022$yCambridge Digital Library
=859  \\$aXLD$bCambridge Digital Library
=CAT  \\$aWR14_159$b00$c20141016$lBLL01$h1656
=CAT  \\$aBATCH-UPD$b00$c20141016$lBLL01$h1710
=CAT  \\$aWR14_181$c20150323$lBLL01$h1403
=CAT  \\$aW1606-1753$c20171028$lBLL01$h1604
=SRC  \\$aBLWrongdoing
=LAS  \\$aW1606-1753$b00$c20171028$lBLL01$h1604

