=LDR  01690 am a2200445 a 4500
=001  016894439
=003  Uk
=005  20131114173234.0
=006  m\\\\||\\d\|\\\\\\
=007  cr\|||||||||||
=008  131114s1822\\\\sp\\\\\\o\\\\\000\0\spa\d
=FMT  \\$a  BK
=040  \\$aUkCU$beng$cUkCU$dUk
=245  00$aSegunda parte de la admirable historia de Doña Inès de Cardona :$brefièrese como quedò libre de la acusacion que le puso el demonio : con todo lo demas que verá el curioso lector.
=260  \\$aGranada :$bImprenta de D. Mariano Saez, placeta de las Pasiegas,$caño de 1822.
=300  \\$a1 online resource
=336  \\$atext$2rdacontent
=337  \\$acomputer$2rdamedia
=338  \\$aonline resources$2rdacarrier
=500  \\$aText printed in two columns.
=500  \\$aIn verse.
=500  \\$aCaption title.
=500  \\$aImprint from colophon.
=599  \\$aItem no. T23 in volume 1074.g.24.$5Uk
=533  \\$aElectronic Reproduction$bLondon$cBritish Library$d2012$nItem no. T23 in volume 1074.g.24.$5Uk
=650  \0$aIncest.
=650  \4$aIncesto.
=650  \4$aInés de Cardona (Fictitious character)
=650  \4$aDemonio.
=653  \1$aInés de Cardona (Personaje ficticio)
=655  \7$aChapbooks$zSpain.$2rbgenr
=662  \\$aItaly$dRome$2lcsh-naf
=752  \\$aSpain$dGranada.
=856  40$uhttp://cudl.lib.cam.ac.uk/view/PR-01074-G-00024-00023$yCambridge Digital Library
=859  \\$aXLD$bCambridge Digital Library
=CAT  \\$aWR14_159$b00$c20141016$lBLL01$h1656
=CAT  \\$aWR14_181$c20150323$lBLL01$h1403
=CAT  \\$aW1606-1753$c20171028$lBLL01$h1604
=SRC  \\$aBLWrongdoing
=LAS  \\$aW1606-1753$b00$c20171028$lBLL01$h1604

