=LDR  01566 am a2200433 a 4500
=001  016894441
=003  Uk
=005  20131115144852.0
=006  m\\\\||\\d\|\\\\\\
=007  cr\|||||||||||
=008  131115q18151870sp\a\\\\o\\\\\000\0\spa\d
=FMT  \\$a  BK
=040  \\$aUkCU$beng$cUkCU$dUk
=245  00$aLa razon y el si que tienen las mugeres en todas las ocasiones en que el marido la niega.
=260  \\$aCon licencia Guadalajara :$bPor D. Mariano Saez,$c[between 1815 and 1870?]
=300  \\$a1 online resource
=336  \\$atext$2rdacontent
=337  \\$acomputer$2rdamedia
=338  \\$aonline resources$2rdacarrier
=500  \\$aText printed in two columns.
=500  \\$aIn verse.
=500  \\$aTwo separate illustrations at head of title.
=500  \\$aCaption title.
=500  \\$aImprint from colophon.
=500  \\$a"Núm. 21."
=500  \\$aIn two parts.
=599  \\$aItem no. T25 in volume 1074.g.24.$5Uk
=533  \\$aElectronic Reproduction$bLondon$cBritish Library$d2012$nItem no. T25 in volume 1074.g.24.$5Uk
=650  \0$aMan-woman relationships.
=650  \4$aRelaciones hombre-mujer.
=655  \7$aChapbooks$zSpain.$2rbgenr
=752  \\$aSpain$dGuadalajara.
=856  40$uhttp://cudl.lib.cam.ac.uk/view/PR-01074-G-00024-00025$yCambridge Digital Library
=859  \\$aXLD$bCambridge Digital Library
=CAT  \\$aWR14_159$b00$c20141016$lBLL01$h1656
=CAT  \\$aWR14_181$c20150323$lBLL01$h1403
=CAT  \\$aW1606-1753$c20171028$lBLL01$h1604
=SRC  \\$aBLWrongdoing
=LAS  \\$aW1606-1753$b00$c20171028$lBLL01$h1604

