=LDR  01847 am a2200481 a 4500
=001  016894442
=003  Uk
=005  20131115155546.0
=006  m\\\\||\\d\|\\\\\\
=007  cr\|||||||||||
=008  131115s1843\\\\sp\\\\\\o\\\\\000\0\spa\d
=FMT  \\$a  BK
=040  \\$aUkCU$beng$cUkCU$dUk
=245  00$aHorroroso sacrilegio que han ejecutado dos jovenes de veinte y veinte y dos años llamados Juan Ramirez y Agustin Carrera :$by el formidable castigo que Dios les envio : vista del pueblo en esta pasada cuaresma del presente año de 1843.
=260  \\$aLogroño :$b[s.n.],$caño de 1843.
=300  \\$a1 online resource
=336  \\$atext$2rdacontent
=337  \\$acomputer$2rdamedia
=338  \\$aonline resources$2rdacarrier
=500  \\$aText printed in two columns.
=500  \\$aIn verse.
=500  \\$aCaption title.
=500  \\$aImprint from colophon.
=599  \\$aItem no. T26 in volume 1074.g.24.$5Uk
=533  \\$aElectronic Reproduction$bLondon$cBritish Library$d2012$nItem no. T26 in volume 1074.g.24.$5Uk
=650  \4$aJuan Ramirez (Fictitious character)
=650  \4$aAgustin Carrera (Fictitious character)
=650  \0$aJudgment of God.
=650  \0$aChristianity and justice.
=650  \0$aSacrilege.
=650  \4$aSacrilegio.
=653  \0$aJusticia divina.
=653  \1$aJuan Ramirez (Personaje ficticio)
=653  \1$aAgustin Carrera (Personaje ficticio)
=655  \7$aChapbooks$zSpain.$2rbgenr
=752  \\$aSpain$dLogroño.
=856  40$uhttp://cudl.lib.cam.ac.uk/view/PR-01074-G-00024-00026$yCambridge Digital Library
=859  \\$aXLD$bCambridge Digital Library
=CAT  \\$aWR14_159$b00$c20141016$lBLL01$h1656
=CAT  \\$aWR14_181$c20150323$lBLL01$h1403
=CAT  \\$aW1606-1753$c20171028$lBLL01$h1604
=SRC  \\$aBLWrongdoing
=LAS  \\$aW1606-1753$b00$c20171028$lBLL01$h1604

