=LDR  01647 am a2200433 a 4500
=001  016894443
=003  Uk
=005  20131115151020.0
=006  m\\\\||\\d\|\\\\\\
=007  cr\|||||||||||
=008  131115s1846\\\\sp\a\\\\o\\\\\000\0\spa\d
=FMT  \\$a  BK
=040  \\$aUkCU$beng$cUkCU$dUk
=245  00$aReloj espiritual :$bla carta del Cielo, las siete palabras de Jesus y despedida de la Santisima Madre de su tierno hijo.
=260  \\$aLogroño :$bImprenta de Ciriaco Verdejo, calle del Mercado, núm. 15,$caño de 1846.
=300  \\$a1 online resource
=336  \\$atext$2rdacontent
=337  \\$acomputer$2rdamedia
=338  \\$aonline resources$2rdacarrier
=500  \\$aText printed in two columns.
=500  \\$aIn verse.
=500  \\$aIllustration at head of title.
=500  \\$aCaption title.
=500  \\$aImprint from colophon.
=500  \\$a"Oracion del Santo Sepulcro": p. [4].
=599  \\$aItem no. T27 in volume 1074.g.24.$5Uk
=533  \\$aElectronic Reproduction$bLondon$cBritish Library$d2012$nItem no. T27 in volume 1074.g.24.$5Uk
=650  \0$aChristian literature, Spanish.
=650  \4$aLiteratura religiosa española.
=655  \7$aChapbooks$zSpain.$2rbgenr
=740  02$aOracion del Santo Sepulcro.
=752  \\$aSpain$dLogroño.
=856  40$uhttp://cudl.lib.cam.ac.uk/view/PR-01074-G-00024-00027$yCambridge Digital Library
=859  \\$aXLD$bCambridge Digital Library
=CAT  \\$aWR14_159$b00$c20141016$lBLL01$h1656
=CAT  \\$aWR14_181$c20150323$lBLL01$h1403
=CAT  \\$aW1606-1753$c20171028$lBLL01$h1604
=SRC  \\$aBLWrongdoing
=LAS  \\$aW1606-1753$b00$c20171028$lBLL01$h1604

