=LDR  01679 am a2200469 a 4500
=001  016894444
=003  Uk
=005  20131115151844.0
=006  m\\\\||\\d\|\\\\\\
=007  cr\|||||||||||
=008  131115s1855\\\\sp\a\\\\o\\\\\000\0\spa\d
=FMT  \\$a  BK
=040  \\$aUkCU$beng$cUkCU$dUk
=043  \\$ae-sp---
=245  00$aSublebacion que han formado las viejas en España :$benfurecidas contra todos los transeuntes que sacan el aguardiente y vino para otras naciones.
=260  \\$aLogroño :$bImprenta y librerìa de Ciriaco Verdejo,$caño de 1855.
=300  \\$a1 online resource
=336  \\$atext$2rdacontent
=337  \\$acomputer$2rdamedia
=338  \\$aonline resources$2rdacarrier
=500  \\$aText printed in two columns.
=500  \\$aIn verse.
=500  \\$aIllustration at head of title.
=500  \\$aCaption title.
=500  \\$aImprint from colophon.
=599  \\$aItem no. T28 in volume 1074.g.24.$5Uk
=533  \\$aElectronic Reproduction$bLondon$cBritish Library$d2012$nItem no. T28 in volume 1074.g.24.$5Uk
=650  \0$aSatire, Spanish.
=650  \0$aAlcohol.
=650  \0$aOlder women$zSpain.
=650  \4$aSátira española.
=650  \4$aAlcohol.
=650  \4$aAncianas$zEspaña.
=655  \7$aChapbooks$zSpain.$2rbgenr
=752  \\$aSpain$dLogroño.
=856  40$uhttp://cudl.lib.cam.ac.uk/view/PR-01074-G-00024-00028$yCambridge Digital Library
=859  \\$aXLD$bCambridge Digital Library
=CAT  \\$aWR14_159$b00$c20141016$lBLL01$h1656
=CAT  \\$aWR14_181$c20150323$lBLL01$h1403
=CAT  \\$aW1606-1753$c20171028$lBLL01$h1604
=SRC  \\$aBLWrongdoing
=LAS  \\$aW1606-1753$b00$c20171028$lBLL01$h1604

