=LDR  02490 am a2200505 a 4500
=001  016894445
=003  Uk
=005  20131115155453.0
=006  m\\\\||\\d\|\\\\\\
=007  cr\|||||||||||
=008  131115s1856\\\\sp\a\\\\o\\\\\000\0\spa\d
=FMT  \\$a  BK
=040  \\$aUkCU$beng$cUkCU$dUk
=245  00$aMilagro que ha obrado Sta. Casilda vendita :$ben la provincia de Toledo, en un pueblo llamado Orgad, el dia 24 de junio de 1856, con una pastorcita llamada Juana, de 19 años de edad, por haber maldecido á su padre y á su madre, se bebió una culebra en una fuente, la que ha tenido cinco meses en su vientre : y por llevar el retrato de esta milagrosa Santa la sacó con salud en libertad porque es madre de los afligidos, de los desconsolados, y protectora y abogada nuestra, como al pie de la letra se publica lo que ha pasado en los dichos meses que ha estado entregada al enemigo, porque esta milagrosa Santa está esperándonos con los brazos abiertos al que persevera en ella y la súplica que le ha hechado : con lo demas que verá el curioso lector.
=260  \\$aLogroño :$bImprenta y librería de Ciriaco Verdejo, calle de la plaza y portales nuevos, núm. 17,$c1856.
=300  \\$a1 online resource
=336  \\$atext$2rdacontent
=337  \\$acomputer$2rdamedia
=338  \\$aonline resources$2rdacarrier
=500  \\$aText printed in two columns.
=500  \\$aIn verse.
=500  \\$aIllustration at head of title.
=500  \\$aCaption title.
=500  \\$aImprint from colophon.
=500  \\$aIn two parts.
=599  \\$aItem no. T29 in volume 1074.g.24.$5Uk
=533  \\$aElectronic Reproduction$bLondon$cBritish Library$d2012$nItem no. T29 in volume 1074.g.24.$5Uk
=600  00$aCasilda,$cSaint,$d-1050$xMiracles.
=600  04$aCasilda,$cSanta,$d-1050$xMilagros.
=650  \0$aSnakes.
=650  \0$aFathers and daughters.
=650  \0$aMothers and daughters.
=650  \4$aSerpientes.
=650  \4$aPadres e hijas.
=650  \4$aMadres e hijas.
=655  \7$aChapbooks$zSpain.$2rbgenr
=662  \\$aSpain$dToledo$2lcsh-naf
=752  \\$aSpain$dLogroño.
=856  40$uhttp://cudl.lib.cam.ac.uk/view/PR-01074-G-00024-00029$yCambridge Digital Library
=859  \\$aXLD$bCambridge Digital Library
=CAT  \\$aWR14_159$b00$c20141016$lBLL01$h1656
=CAT  \\$aWR14_181$c20150323$lBLL01$h1403
=CAT  \\$aW1606-1753$c20171028$lBLL01$h1604
=SRC  \\$aBLWrongdoing
=LAS  \\$aW1606-1753$b00$c20171028$lBLL01$h1604

