=LDR  02314 am a2200481 a 4500
=001  016894446
=003  Uk
=005  20131115155357.0
=006  m\\\\||\\d\|\\\\\\
=007  cr\|||||||||||
=008  131115q1857\\\\sp\a\\\\o\\\\\000\0\spa\d
=FMT  \\$a  BK
=040  \\$aUkCU$beng$cUkCU$dUk
=245  00$aNuevo y lastimoso romance por el que se da cuenta del caso mas horroroso é inhumano y astucia de Julian Ripoll, el cual tenia un gran figon donde se encontraba de toda clase de comidas, quitando á los demas figoneros la venta por lo bien que él guisaba :$bsu gusto consistia en despachar ternera, asi llamaba á la carne de los inocentes niños que iban á pedir á su puerta y, engañados por él los encerraba y degollaba en la bodega, hasta que la Virgen Santísima hizo fuese descubierta tan grande infamia y castigados el Julian y su mujer como cómplices, en el pueblo de Esparraguera á seis leguas de Barcelona, el dia 25 de julio de 1857.
=260  \\$aImpreso en Abila y reimpreso en Logroño :$bEn la imp. y lib. de Ciriaco Verdejo,$caño de 1857.
=300  \\$a1 online resource
=336  \\$atext$2rdacontent
=337  \\$acomputer$2rdamedia
=338  \\$aonline resources$2rdacarrier
=500  \\$aText printed in two columns.
=500  \\$aIn verse.
=500  \\$aThree separate illustrations at head of title.
=500  \\$aCaption title.
=500  \\$aImprint from colophon.
=500  \\$aIn two parts.
=599  \\$aItem no. T30 in volume 1074.g.24.$5Uk
=533  \\$aElectronic Reproduction$bLondon$cBritish Library$d2012$nItem no. T30 in volume 1074.g.24.$5Uk
=650  \0$aInfanticide.
=650  \0$aAtrocities.
=650  \4$aJulian Ripoll (Fictitious character)
=650  \4$aInfanticidio.
=650  \4$aAtrocidades.
=653  \1$aJulian Ripoll (Personaje ficticio)
=655  \7$aChapbooks$zSpain.$2rbgenr
=662  \\$aSpain$dEsparraguera$2lcsh-naf
=752  \\$aSpain$dAvila.
=856  40$uhttp://cudl.lib.cam.ac.uk/view/PR-01074-G-00024-00030$yCambridge Digital Library
=859  \\$aXLD$bCambridge Digital Library
=CAT  \\$aWR14_159$b00$c20141016$lBLL01$h1656
=CAT  \\$aWR14_181$c20150323$lBLL01$h1403
=CAT  \\$aW1606-1753$c20171028$lBLL01$h1604
=SRC  \\$aBLWrongdoing
=LAS  \\$aW1606-1753$b00$c20171028$lBLL01$h1604

