=LDR  01691 am a2200433 a 4500
=001  016894448
=003  Uk
=005  20131115161306.0
=006  m\\\\||\\d\|\\\\\\
=007  cr\|||||||||||
=008  131115s1859\\\\sp\a\\\\o\\\\\000\0\spa\d
=FMT  \\$a  BK
=040  \\$aUkCU$beng$cUkCU$dUk
=245  00$aLastimoso suceso acaecido en la villa de Laguardia, provincia de Alava en La Rioja el dia 2 de junio :$by Ascension del Señor á los Cielos, año de 1859 : y lo que hizo la Purísima Concepcion.
=260  \\$aLogroño :$bImp. y lib. de Ciriaco Verdejo, portales viejos, n.° 85,$c1859.
=300  \\$a1 online resource
=336  \\$atext$2rdacontent
=337  \\$acomputer$2rdamedia
=338  \\$aonline resources$2rdacarrier
=500  \\$aText printed in two columns.
=500  \\$aIn verse.
=500  \\$aIllustration at head of title.
=500  \\$aCaption title.
=500  \\$aImprint from colophon.
=500  \\$aIn two parts.
=599  \\$aItem no. T32 in volume 1074.g.24.$5Uk
=533  \\$aElectronic Reproduction$bLondon$cBritish Library$d2012$nItem no. T32 in volume 1074.g.24.$5Uk
=650  \0$aChristian literature, Spanish.
=650  \4$aLiteratura religiosa española.
=655  \7$aChapbooks$zSpain.$2rbgenr
=662  \\$aSpain$dLaguardia$2lcsh-naf
=752  \\$aSpain$dLogroño.
=856  40$uhttp://cudl.lib.cam.ac.uk/view/PR-01074-G-00024-00032$yCambridge Digital Library
=859  \\$aXLD$bCambridge Digital Library
=CAT  \\$aWR14_159$b00$c20141016$lBLL01$h1656
=CAT  \\$aWR14_181$c20150323$lBLL01$h1403
=CAT  \\$aW1606-1753$c20171028$lBLL01$h1604
=SRC  \\$aBLWrongdoing
=LAS  \\$aW1606-1753$b00$c20171028$lBLL01$h1604

