=LDR  02171 am a2200481 a 4500
=001  016894452
=003  Uk
=005  20131115170833.0
=006  m\\\\||\\d\|\\\\\\
=007  cr\|||||||||||
=008  131115s1843\\\\sp\a\\\\o\\\\\000\0\spa\d
=FMT  \\$a  BK
=040  \\$aUkCU$beng$cUkCU$dUk
=245  00$aLisardo el estudiante :$bNueva relacion en que se declaran los lances de amor, miedos y sobresaltos que acaecieron á este caballero, natural de la ciudad de Córdoba, y á doña Teodora, de la de Salamanca.
=246  30$aNueva relacion en que se declaran los lances de amor, miedos y sobresaltos que acaecieron á este caballero
=260  \\$aMadrid :$bImprenta de J. Marés, calle de Preciados, núm. 52,$c1843.
=300  \\$a1 online resource
=336  \\$atext$2rdacontent
=337  \\$acomputer$2rdamedia
=338  \\$aonline resources$2rdacarrier
=500  \\$aText printed in two columns.
=500  \\$aIn verse.
=500  \\$aIllustration incorporated within title.
=500  \\$aCaption title.
=500  \\$aImprint from colophon.
=500  \\$aIn two parts. Part two has title: Segunda parte que refiere cómo iba Lisardo á sacar del convento á doña Teodora, y viendo hacer sus propias exéquias, se retirò á hacer penitencia.
=599  \\$aItem no. T36 in volume 1074.g.24.$5Uk
=533  \\$aElectronic Reproduction$bLondon$cBritish Library$d2012$nItem no. T36 in volume 1074.g.24.$5Uk
=650  \0$aMan-woman relationships.
=650  \4$aRelaciones hombre-mujer.
=650  \4$aEstudiantes.
=655  \7$aChapbooks$zSpain.$2rbgenr
=662  \\$aSpain$dCórdoba$2lcsh-naf
=662  \\$aSpain$dSalamanca$2lcsh-naf
=740  02$aSegunda parte que refiere cómo iba Lisardo á sacar del convento á doña Teodora.
=752  \\$aSpain$dMadrid.
=856  40$uhttp://cudl.lib.cam.ac.uk/view/PR-01074-G-00024-00036$yCambridge Digital Library
=859  \\$aXLD$bCambridge Digital Library
=CAT  \\$aWR14_159$b00$c20141016$lBLL01$h1656
=CAT  \\$aWR14_181$c20150323$lBLL01$h1403
=CAT  \\$aW1606-1753$c20171028$lBLL01$h1604
=SRC  \\$aBLWrongdoing
=LAS  \\$aW1606-1753$b00$c20171028$lBLL01$h1604

