=LDR  01635 am a2200445 a 4500
=001  016894454
=003  Uk
=005  20131115173211.0
=006  m\\\\||\\d\|\\\\\\
=007  cr\|||||||||||
=008  131115s1843\\\\sp\a\\\\o\\\\\000\0\spa\d
=FMT  \\$a  BK
=040  \\$aUkCU$beng$cUkCU$dUk
=245  04$aLas brigadas de Madrid.
=260  \\$aMadrid :$bImprenta de Estellés,$c1843.
=300  \\$a1 online resource
=336  \\$atext$2rdacontent
=337  \\$acomputer$2rdamedia
=338  \\$aonline resources$2rdacarrier
=500  \\$aText printed in two columns.
=500  \\$aIn verse.
=500  \\$aIllustration at head of title.
=500  \\$aCaption title.
=500  \\$aImprint from colophon.
=500  \\$aIn two parts. Part two has title: "Consejo que dan las damas cortesanas á las jóvenes forasteras."
=599  \\$aItem no. T38 in volume 1074.g.24.$5Uk
=533  \\$aElectronic Reproduction$bLondon$cBritish Library$d2012$nItem no. T38 in volume 1074.g.24.$5Uk
=650  \0$aSongs, Spanish$vTexts.
=653  \0$aCanciones españolas--Textos.
=655  \7$aChapbooks$zSpain.$2rbgenr
=662  \\$aSpain$dMadrid$2lcsh-naf
=740  02$aConsejo que dan las damas cortesanas á las jóvenes forasteras.
=752  \\$aSpain$dGranada.
=856  40$uhttp://cudl.lib.cam.ac.uk/view/PR-01074-G-00024-00038$yCambridge Digital Library
=859  \\$aXLD$bCambridge Digital Library
=CAT  \\$aWR14_159$b00$c20141016$lBLL01$h1656
=CAT  \\$aWR14_181$c20150323$lBLL01$h1403
=CAT  \\$aW1606-1753$c20171028$lBLL01$h1604
=SRC  \\$aBLWrongdoing
=LAS  \\$aW1606-1753$b00$c20171028$lBLL01$h1604

