=LDR  01714 am a2200469 a 4500
=001  016894455
=003  Uk
=005  20131120150151.0
=006  m\\\\||\\d\|\\\\\\
=007  cr\|||||||||||
=008  131120s1854\\\\sp\a\\\\o\\\\\000\0\spa\d
=FMT  \\$a  BK
=040  \\$aUkCU$beng$cUkCU$dUk
=245  03$aEl Ave Maria en verso.
=260  \\$aMadrid :$bSe hallará de venta en la Plaza de la Cebada, núm. 96,$c1854.
=300  \\$a1 online resource
=336  \\$atext$2rdacontent
=337  \\$acomputer$2rdamedia
=338  \\$aonline resources$2rdacarrier
=500  \\$aText printed in two columns.
=500  \\$aIn verse.
=500  \\$aIllustration at head of title; additional illustration at head of p. [3].
=500  \\$aCaption title.
=500  \\$aImprint from colophon.
=500  \\$a"(Núm. 208.)"
=500  \\$a"Glosa de la Salve Regina": p. [3-4].
=599  \\$aItem no. T39 in volume 1074.g.24.$5Uk
=533  \\$aElectronic Reproduction$bLondon$cBritish Library$d2012$nItem no. T39 in volume 1074.g.24.$5Uk
=600  00$aMary,$cBlessed Virgin, Saint$xDevotion to.
=600  04$aVirgen María$xDevoción a.
=650  \0$aDevotional literature, Spanish.
=650  \4$aLiteratura española devocional.
=655  \7$aChapbooks$zSpain.$2rbgenr
=740  02$aGlosa de la Salve Regina.
=752  \\$aSpain$dMadrid.
=856  40$uhttp://cudl.lib.cam.ac.uk/view/PR-01074-G-00024-00039$yCambridge Digital Library
=859  \\$aXLD$bCambridge Digital Library
=CAT  \\$aWR14_159$b00$c20141016$lBLL01$h1656
=CAT  \\$aWR14_181$c20150323$lBLL01$h1403
=CAT  \\$aW1606-1753$c20171028$lBLL01$h1604
=SRC  \\$aBLWrongdoing
=LAS  \\$aW1606-1753$b00$c20171028$lBLL01$h1604

