=LDR  01897 am a2200433 a 4500
=001  016894458
=003  Uk
=005  20131120152703.0
=006  m\\\\||\\d\|\\\\\\
=007  cr\|||||||||||
=008  131120q18421859sp\\\\\\o\\\\\000\0\spa\d
=FMT  \\$a  BK
=040  \\$aUkCU$beng$cUkCU$dUk
=245  03$aLa santisima Cruz de Carabaca :$bque se venera en la villa de Carabaca, y depositó en ella la divina misericordia de Dios por misterio de sus angeles, para prueba y exaltacion de nuestra santa Fé Católica, amparo y consuelo de los fieles contra las astucias y asechanzas del infierno, tempestades, inundaciones, incendios y todo género de peligros, asi espirituales como temporales.
=260  \\$aMadrid :$bImprenta de J.M. Marés,$c[between 1842 and 1859?]
=300  \\$a1 online resource
=336  \\$atext$2rdacontent
=337  \\$acomputer$2rdamedia
=338  \\$aonline resources$2rdacarrier
=500  \\$aText printed in two columns.
=500  \\$aIn verse.
=500  \\$aIllustrated title page.
=500  \\$aCaption title.
=500  \\$aImprint from colophon.
=500  \\$a"Coplas a la Santa Cruz de Carabaca": p. [2].
=599  \\$aItem no. T42 in volume 1074.g.24.$5Uk
=533  \\$aElectronic Reproduction$bLondon$cBritish Library$d2012$nItem no. T42 in volume 1074.g.24.$5Uk
=655  \7$aChapbooks$zSpain.$2rbgenr
=650  \0$aChristian literature, Spanish.
=650  \4$aLiteratura religiosa española.
=740  02$aCoplas a la Santa Cruz de Carabaca.
=752  \\$aSpain$dMadrid.
=856  40$uhttp://cudl.lib.cam.ac.uk/view/PR-01074-G-00024-00042$yCambridge Digital Library
=859  \\$aXLD$bCambridge Digital Library
=CAT  \\$aWR14_159$b00$c20141016$lBLL01$h1656
=CAT  \\$aWR14_181$c20150323$lBLL01$h1403
=CAT  \\$aW1606-1753$c20171028$lBLL01$h1604
=SRC  \\$aBLWrongdoing
=LAS  \\$aW1606-1753$b00$c20171028$lBLL01$h1604

