=LDR  01711 am a2200421 a 4500
=001  016894460
=003  Uk
=005  20131120154346.0
=006  m\\\\||\\d\|\\\\\\
=007  cr\|||||||||||
=008  131120s1858\\\\sp\\\\\\o\\\\\000\0\spa\d
=FMT  \\$a  BK
=040  \\$aUkCU$beng$cUkCU$dUk
=245  04$aLas siete palabras que Nuestro Señor Jesucristo habló en la Cruz.
=260  \\$aMadrid :$bImprenta de José M. Marés, plazuela de la Cebada, núm. 96,$c1858.
=300  \\$a1 online resource
=336  \\$atext$2rdacontent
=337  \\$acomputer$2rdamedia
=338  \\$aonline resources$2rdacarrier
=500  \\$aText printed in two columns.
=500  \\$aIn verse.
=500  \\$aIllustrated title page.
=500  \\$aCaption title.
=500  \\$aImprint from colophon.
=505  0\$aLas siete palabras que hablo Cristo en la cruz -- Despedida de la Santisima Virgen a su hijo -- Relacion mistica de la dolorosa pasion y muerte de nuestro redentor Jesus, y el descendimiento de la Santa Cruz.
=599  \\$aItem no. T44a in volume 1074.g.24.$5Uk
=533  \\$aElectronic Reproduction$bLondon$cBritish Library$d2012$nItem no. T44a in volume 1074.g.24.$5Uk
=650  \0$aChristian literature, Spanish.
=650  \4$aLiteratura religiosa española.
=655  \7$aChapbooks$zSpain.$2rbgenr
=752  \\$aSpain$dMadrid.
=856  40$uhttp://cudl.lib.cam.ac.uk/view/PR-01074-G-00024-00044-A$yCambridge Digital Library
=859  \\$aXLD$bCambridge Digital Library
=CAT  \\$aWR14_159$b00$c20141016$lBLL01$h1656
=CAT  \\$aWR14_181$c20150323$lBLL01$h1403
=CAT  \\$aW1606-1753$c20171028$lBLL01$h1604
=SRC  \\$aBLWrongdoing
=LAS  \\$aW1606-1753$b00$c20171028$lBLL01$h1604

