=LDR  01597 am a2200445 a 4500
=001  016894464
=003  Uk
=005  20131120160839.0
=006  m\\\\||\\d\|\\\\\\
=007  cr\|||||||||||
=008  131120q17811793sp\\\\\\o\\\\\000\0\spa\d
=FMT  \\$a  BK
=040  \\$aUkCU$beng$cUkCU$dUk
=245  00$aRelacion nueva :$bTriunfos de la castidad y martyrio de Nicetas.
=246  30$aTriunfos de la castidad y martyrio de Niceta
=260  \\$aSe hallará en Malaga :$bEn la Imprenta y libreria de D. Felix de Casas y Martinez, frente del Sto. Cristo de la Salud,$c[between 1781 and 1793?]
=300  \\$a1 online resource
=336  \\$atext$2rdacontent
=337  \\$acomputer$2rdamedia
=338  \\$aonline resources$2rdacarrier
=500  \\$aText printed in two columns.
=500  \\$aIn verse.
=500  \\$aCaption title.
=500  \\$aImprint from colophon.
=500  \\$a"(72)"
=599  \\$aItem no. T46 in volume 1074.g.24.$5Uk
=533  \\$aElectronic Reproduction$bLondon$cBritish Library$d2012$nItem no. T46 in volume 1074.g.24.$5Uk
=650  \0$aChastity.
=650  \0$aMartyrdom.
=650  \4$aCastidad.
=650  \4$aMartirio.
=655  \7$aChapbooks$zSpain.$2rbgenr
=752  \\$aSpain$dMálaga.
=856  40$uhttp://cudl.lib.cam.ac.uk/view/PR-01074-G-00024-00046$yCambridge Digital Library
=859  \\$aXLD$bCambridge Digital Library
=CAT  \\$aWR14_159$b00$c20141016$lBLL01$h1656
=CAT  \\$aWR14_181$c20150323$lBLL01$h1403
=CAT  \\$aW1606-1753$c20171028$lBLL01$h1604
=SRC  \\$aBLWrongdoing
=LAS  \\$aW1606-1753$b00$c20171028$lBLL01$h1604

