=LDR  02450 am a2200517 a 4500
=001  016894465
=003  Uk
=005  20131121161738.0
=006  m\\\\||\\d\|\\\\\\
=007  cr\|||||||||||
=008  131121q17811793sp\a\\\\o\\\\\000\0\spa\d
=FMT  \\$a  BK
=040  \\$aUkCU$beng$cUkCU$dUk
=245  00$aCarta que escrivió un cautivo natural de la ciudad de Ecija à su padre :$bdandole cuenta de la vida que ha tenido y como confesando la Fè de Dios, despues de haberla negado, se halla condenado à muerte de martyrio en Tunez, tierra de Turquia : primera prate [sic] del cautivo de Ecija.
=246  30$aDel cautivo de Ecija
=260  \\$aCon lic. Málaga :$bEn la imprenta y libreria de D. Felix de Casas y Martinez, frente el Santo Cristo de la Salud ...,$c[between 1781 and 1793?]
=300  \\$a1 online resource
=336  \\$atext$2rdacontent
=337  \\$acomputer$2rdamedia
=338  \\$aonline resources$2rdacarrier
=500  \\$aText printed in two columns.
=500  \\$aIn verse.
=500  \\$aTwo separate illustrations at head of title; second part with two additional illustrations at head of title.
=500  \\$aCaption title.
=500  \\$aImprint from colophon.
=500  \\$a"246."
=500  \\$aIn two parts. Part two has title: "Seguda [i.e. segunda] parte en que se prosigue la historia del cautivo, en otra carta, que escrivò à su padre, compuesto por un ingenio de la ciudad de Azuaga: del cautivo de Ecija."
=599  \\$aItem no. T48 in volume 1074.g.24.$5Uk
=533  \\$aElectronic Reproduction$bLondon$cBritish Library$d2012$nItem no. T48 in volume 1074.g.24.$5Uk
=650  \0$aChristianity and other religions$xIslam.
=650  \0$aIslam$xRelations$xChristianity.
=650  \4$aCristianismo y otras religiones$xIslamismo.
=650  \4$aIslamismo$xRelaciones$xCristianismo.
=650  \4$aCautivos.
=655  \7$aChapbooks$zSpain.$2rbgenr
=662  \\$aSpain$dEcija$2lcsh-naf
=662  \\$aTunisia$2lcsh-naf
=740  02$aSegunda parte en que se prosigue la historia del cautivo.
=752  \\$aSpain$dMálaga.
=856  40$uhttp://cudl.lib.cam.ac.uk/view/PR-01074-G-00024-00048$yCambridge Digital Library
=859  \\$aXLD$bCambridge Digital Library
=CAT  \\$aWR14_159$b00$c20141016$lBLL01$h1656
=CAT  \\$aWR14_181$c20150323$lBLL01$h1403
=CAT  \\$aW1606-1753$c20171028$lBLL01$h1604
=SRC  \\$aBLWrongdoing
=LAS  \\$aW1606-1753$b00$c20171028$lBLL01$h1604

