=LDR  01911 am a2200469 a 4500
=001  016894467
=003  Uk
=005  20131121172727.0
=006  m\\\\||\\d\|\\\\\\
=007  cr\|||||||||||
=008  131121q17801860sp\a\\\\o\\\\\000\0\spa\d
=FMT  \\$a  BK
=040  \\$aUkCU$beng$cUkCU$dUk
=245  00$aNuevo y discreto romance, en que se declaran los amores mas firmes y constantes, las valentías y desgarros de Don Carlos de Mendoza, y de Doña Angela de Alí :$bcon lo demàs que verá el curioso lector.
=260  \\$aSe hallará en Málaga :$bEn la imprenta y libreria de D. Felix de Casas y Martinez, frente del Sto. Cristo de la Salud ...,$c[between 1781 and 1793?]
=300  \\$a1 online resource
=336  \\$atext$2rdacontent
=337  \\$acomputer$2rdamedia
=338  \\$aonline resources$2rdacarrier
=500  \\$aText printed in two columns.
=500  \\$aIn verse.
=500  \\$aIllustration at head of title.
=500  \\$aCaption title.
=500  \\$aImprint from colophon.
=500  \\$a"(254)"
=599  \\$aItem no. T50 in volume 1074.g.24.$5Uk
=533  \\$aElectronic Reproduction$bLondon$cBritish Library$d2012$nItem no. T50 in volume 1074.g.24.$5Uk
=650  \4$aCarlos de Mendoza (Fictitious character)
=650  \4$aAngela de Alí (Fictitious character)
=650  \0$aCourtship.
=650  \4$aCortejo amoroso.
=653  \1$aCarlos de Mendoza (Personaje ficticio)
=653  \1$aAngela de Alí (Personaje ficticio)
=655  \7$aChapbooks$zSpain.$2rbgenr
=752  \\$aSpain$dMálaga.
=856  40$uhttp://cudl.lib.cam.ac.uk/view/PR-01074-G-00024-00050$yCambridge Digital Library
=859  \\$aXLD$bCambridge Digital Library
=CAT  \\$aWR14_159$b00$c20141016$lBLL01$h1656
=CAT  \\$aWR14_181$c20150323$lBLL01$h1403
=CAT  \\$aW1606-1753$c20171028$lBLL01$h1604
=SRC  \\$aBLWrongdoing
=LAS  \\$aW1606-1753$b00$c20171028$lBLL01$h1604

