=LDR  02133 am a2200469 a 4500
=001  016894468
=003  Uk
=005  20140530130520.0
=006  m\\\\||\\d\|\\\\\\
=007  cr\|||||||||||
=008  131122q17811793sp\a\\\\o\\\\\000\0\spa\\
=FMT  \\$a  BK
=040  \\$aUkCU$beng$cUkCU$dUk
=245  00$aNuevo y curioso romance en que se refieren las bizarrias animosas y valerosos hechos del valiente mancebo Felipe Centellas, natural de la ciudad de Valencia :$bdeclaranse los arriesgados lances que tuvo hasta que siendo indultado por nuestro catolico monarca D. Felipe Quinto, fué á servirle á la guerra donde se hallaba : con lo demás que verà el curioso lector : primera parte.
=260  \\$aCon licencia Málaga :$bEn la imprenta y libreria de D. Felix de Casas y Martinez, frente el Santo Cristo de la Salud ...,$c[between 1781 and 1793?]
=300  \\$a1 online resource
=336  \\$atext$2rdacontent
=337  \\$acomputer$2rdamedia
=338  \\$aonline resources$2rdacarrier
=500  \\$aText printed in two columns.
=500  \\$aIn verse.
=500  \\$aTwo separate illustrations at head of title; second part with two additional illustrations at head of title.
=500  \\$aCaption title.
=500  \\$aImprint from colophon.
=500  \\$a"278."
=500  \\$aIn two parts.
=599  \\$aItem no. T51 in volume 1074.g.24.$5Uk
=533  \\$aElectronic Reproduction$bLondon$cBritish Library$d2012$nItem no. T51 in volume 1074.g.24.$5Uk
=650  \0$aViolent crimes.
=650  \4$aFelipe Centellas (Fictitious character)
=650  \4$aDelitos violentos.
=653  \1$aFelipe Centellas (Personaje ficticio)
=655  \7$aChapbooks$zSpain.$2rbgenr
=662  \\$aSpain$dValencia$2lcsh-naf
=752  \\$aSpain$dMálaga.
=856  40$uhttp://cudl.lib.cam.ac.uk/view/PR-01074-G-00024-00051$yCambridge Digital Library
=859  \\$aXLD$bCambridge Digital Library
=CAT  \\$aWR14_159$b00$c20141016$lBLL01$h1656
=CAT  \\$aWR14_181$c20150323$lBLL01$h1403
=CAT  \\$aW1606-1753$c20171028$lBLL01$h1604
=SRC  \\$aBLWrongdoing
=LAS  \\$aW1606-1753$b00$c20171028$lBLL01$h1604

