=LDR  01854 am a2200457 a 4500
=001  016894471
=003  Uk
=005  20131122124355.0
=006  m\\\\||\\d\|\\\\\\
=007  cr\|||||||||||
=008  131122q17801860sp\a\\\\o\\\\\000\0\spa\d
=FMT  \\$a  BK
=040  \\$aUkCU$beng$cUkCU$dUk
=245  00$aAfectos de un pecador arrepentido :$ben mysticas decimas, formadas con los soliloquios : que ante Jesus crucificado acostumbra hacer en sus misiones el M. R. P. Fr. Diego José de Cadiz, misionero apostólico capuchino, para excitar las almas à contricion de sus culpas.
=246  30$aJesus crucificado
=260  \\$aEn Malaga :$bEn la imprenta y librería de Casas y Vidondo, frente del Sto. Cristo de la Salud ...,$c[between 1780 and 1860?]
=300  \\$a1 online resource
=336  \\$atext$2rdacontent
=337  \\$acomputer$2rdamedia
=338  \\$aonline resources$2rdacarrier
=500  \\$aText printed in two columns.
=500  \\$aIn verse.
=500  \\$aTwo separate illustrations below title.
=500  \\$aCaption title.
=500  \\$aImprint from colophon.
=500  \\$a"(301.)"
=599  \\$aItem no. T54 in volume 1074.g.24.$5Uk
=533  \\$aElectronic Reproduction$bLondon$cBritish Library$d2012$nItem no. T54 in volume 1074.g.24.$5Uk
=650  \0$aChristian literature, Spanish.
=650  \0$aSin.
=650  \4$aLiteratura religiosa española.
=650  \4$aPecado.
=655  \7$aChapbooks$zSpain.$2rbgenr
=752  \\$aSpain$dMálaga.
=856  40$uhttp://cudl.lib.cam.ac.uk/view/PR-01074-G-00024-00054$yCambridge Digital Library
=859  \\$aXLD$bCambridge Digital Library
=CAT  \\$aWR14_159$b00$c20141016$lBLL01$h1656
=CAT  \\$aWR14_181$c20150323$lBLL01$h1403
=CAT  \\$aW1606-1753$c20171028$lBLL01$h1604
=SRC  \\$aBLWrongdoing
=LAS  \\$aW1606-1753$b00$c20171028$lBLL01$h1604

