=LDR  01713 am a2200421 a 4500
=001  016894472
=003  Uk
=005  20131122140046.0
=006  m\\\\||\\d\|\\\\\\
=007  cr\|||||||||||
=008  131122s1789\\\\sp\a\\\\o\\\\\000\0\spa\d
=FMT  \\$a  BK
=040  \\$aUkCU$beng$cUkCU$dUk
=245  00$aRomance del milagrosisimo portento que obró la magestad divina con un hombre llamado Juan Isidro y su esposa Doña Manuela :$bpor medio de su madre la Virgen Santisima del Rosario.
=260  \\$aSe hallarà en Malaga :$bEn la imprenta y librerìa de D. Felix de Casas y Martinez, frente del Ssmo. Cristo de la Salud,$caño de 1789.
=300  \\$a1 online resource
=336  \\$atext$2rdacontent
=337  \\$acomputer$2rdamedia
=338  \\$aonline resources$2rdacarrier
=500  \\$aText printed in two columns.
=500  \\$aIn verse.
=500  \\$aThree separate illustrations at head of title.
=500  \\$aCaption title.
=500  \\$aImprint from colophon.
=500  \\$a"307."
=599  \\$aItem no. T55 in volume 1074.g.24.$5Uk
=533  \\$aElectronic Reproduction$bLondon$cBritish Library$d2012$nItem no. T55 in volume 1074.g.24.$5Uk
=650  \0$aRosary, Our Lady of the$xMiracles.
=653  \1$aNuestra Señora del Rosario--Milagros.
=655  \7$aChapbooks$zSpain.$2rbgenr
=752  \\$aSpain$dMálaga.
=856  40$uhttp://cudl.lib.cam.ac.uk/view/PR-01074-G-00024-00055$yCambridge Digital Library
=859  \\$aXLD$bCambridge Digital Library
=CAT  \\$aWR14_159$b00$c20141016$lBLL01$h1656
=CAT  \\$aWR14_181$c20150323$lBLL01$h1403
=CAT  \\$aW1606-1753$c20171028$lBLL01$h1604
=SRC  \\$aBLWrongdoing
=LAS  \\$aW1606-1753$b00$c20171028$lBLL01$h1604

