=LDR  02936 am a2200565 a 4500
=001  016894474
=003  Uk
=005  20131122150720.0
=006  m\\\\||\\d\|\\\\\\
=007  cr\|||||||||||
=008  131122q17811793sp\a\\\\o\\\\\000\0\spa\d
=FMT  \\$a  BK
=040  \\$aUkCU$beng$cUkCU$dUk
=245  00$aNueva relacion en dos famosos romances, en que se refiere como un noble caballero andaluz, llamado D. Antonio Venavides de la Zerda :$bse enamoró de una señora llamada Doña Maria Teresa de Faro Torres y Leon, natural de Palermo, por la qual tuvo una reñida pendencia, y habiendose embarcado para venir à España, fueron cautivos : con lo demas que verá el curioso lector en esta primera parte : D. Antonio Venavides de la Zerda.
=246  30$aD. Antonio Venavides de la Zerda
=260  \\$aCon lic. en Málaga :$bEn la imprenta y libreria de D. Felix de Casas y Martinez, frente el Sto. Cristo de la Salud ...,$c[between 1781 and 1793?]
=300  \\$a1 online resource
=336  \\$atext$2rdacontent
=337  \\$acomputer$2rdamedia
=338  \\$aonline resources$2rdacarrier
=500  \\$aText printed in two columns.
=500  \\$aIn verse.
=500  \\$aIllustration incorporated within title; second part with additional illustration incorporated within title.
=500  \\$aCaption title.
=500  \\$aImprint from colophon.
=500  \\$a"338"
=500  \\$aIn two parts. Part two has title: "Nueva relacion y curioso romance donde se refiere lo que pasaron en su cautiverio Don Antonio y Doña Maria Teresa, y como volvieron con felicidad à España, en donde se casaron, con lo demás que verá el curioso lector."
=599  \\$aItem no. T57 in volume 1074.g.24.$5Uk
=533  \\$aElectronic Reproduction$bLondon$cBritish Library$d2012$nItem no. T57 in volume 1074.g.24.$5Uk
=650  \0$aMan-woman relationships.
=650  \4$aAntonio Benavides de Lacerda (Fictitious charachter)
=650  \4$aMaria Teresa de Faro Leon y Torres (Fictitious charachter)
=650  \4$aRelaciones hombre-mujer.
=650  \4$aCautivos.
=653  \1$aAntonio Benavides de Lacerda (Personaje ficticio)
=653  \1$aMaria Teresa de Faro Leon y Torres (Personaje ficticio)
=655  \7$aChapbooks$zSpain.$2rbgenr
=662  \\$aSpain$dAntequera$2lcsh-naf
=662  \\$aItaly$dPalermo$2lcsh-naf
=662  \\$aAlgeria$2lcsh-naf
=662  \\$aTunisia$2lcsh-naf
=740  02$aNueva relacion y curioso romance donde se refiere lo que pasaron en su cautiverio Don Antonio y Doña Maria Teresa.
=752  \\$aSpain$dMálaga.
=856  40$uhttp://cudl.lib.cam.ac.uk/view/PR-01074-G-00024-00057$yCambridge Digital Library
=859  \\$aXLD$bCambridge Digital Library
=CAT  \\$aWR14_159$b00$c20141016$lBLL01$h1656
=CAT  \\$aWR14_181$c20150323$lBLL01$h1403
=CAT  \\$aW1606-1753$c20171028$lBLL01$h1604
=SRC  \\$aBLWrongdoing
=LAS  \\$aW1606-1753$b00$c20171028$lBLL01$h1604

