=LDR  02308 am a2200517 a 4500
=001  016894475
=003  Uk
=005  20131122144713.0
=006  m\\\\||\\d\|\\\\\\
=007  cr\|||||||||||
=008  131122q17811793sp\a\\\\o\\\\\000\0\spa\d
=FMT  \\$a  BK
=040  \\$aUkCU$beng$cUkCU$dUk
=245  00$aNueva relacion y curioso romance en que se dá cuenta y declara como D. Pedro Juan de la Rosa se enamoró de Doña Maria de Bargas :$by como despues la olvidó por Doña Juana Violante : con todo lo demas que verá el curioso lector : primera parte : De Don Pedro Juan de la Rosa y Doña Maria de Bargas.
=246  30$aDe Don Pedro Juan de la Rosa y Doña Maria de Bargas
=260  \\$aSe hallará en Málaga :$bEn la imprenta y libreria de D. Felix de Casas y Martinez, frente el Santo Cristo de la Salud ...,$c[between 1781 and 1793?]
=300  \\$a1 online resource
=336  \\$atext$2rdacontent
=337  \\$acomputer$2rdamedia
=338  \\$aonline resources$2rdacarrier
=500  \\$aText printed in two columns.
=500  \\$aIn verse.
=500  \\$aThree separate illustrations at head of title; second part with three additional illustrations at head of title.
=500  \\$aCaption title.
=500  \\$aImprint from colophon.
=500  \\$a"(355)"
=500  \\$aIn two parts.
=599  \\$aItem no. T58 in volume 1074.g.24.$5Uk
=533  \\$aElectronic Reproduction$bLondon$cBritish Library$d2012$nItem no. T58 in volume 1074.g.24.$5Uk
=650  \0$aCourtship.
=650  \4$aPedro Juan de la Rosa (Fictitious character)
=650  \4$aMaria de Bargas (Fictitious character)
=650  \4$aJuana Violante (Fictitious character)
=650  \4$aCortejo amoroso.
=653  \1$aPedro Juan de la Rosa (Personaje ficticio)
=653  \1$aMaria de Bargas (Personaje ficticio)
=653  \1$aJuana Violante (Personaje ficticio)
=655  \7$aChapbooks$zSpain.$2rbgenr
=752  \\$aSpain$dMálaga.
=856  40$uhttp://cudl.lib.cam.ac.uk/view/PR-01074-G-00024-00058$yCambridge Digital Library
=859  \\$aXLD$bCambridge Digital Library
=CAT  \\$aWR14_159$b00$c20141016$lBLL01$h1656
=CAT  \\$aWR14_181$c20150323$lBLL01$h1403
=CAT  \\$aW1606-1753$c20171028$lBLL01$h1604
=SRC  \\$aBLWrongdoing
=LAS  \\$aW1606-1753$b00$c20171028$lBLL01$h1604

