=LDR  02181 am a2200481 a 4500
=001  016894476
=003  Uk
=005  20131122151816.0
=006  m\\\\||\\d\|\\\\\\
=007  cr\|||||||||||
=008  131122q17811793sp\a\\\\o\\\\\000\0\spa\d
=FMT  \\$a  BK
=040  \\$aUkCU$beng$cUkCU$dUk
=245  00$aNueva relacion y curioso romance en que se dà cuenta de los hechos, valentias y temerarios arrojos que confesó haber hecho un famoso capitan de bandoleros llamado Ramon Guardiola, natural de la villa de Valls en el reyno de Cataluña :$bDase cuenta como en la ciudad de Barcelona á 19 de junio de 1782 fuè desquartizado y la cabeza puesta en una puerta de dicha ciudad : primera parte.
=260  \\$aSe hallará en Malaga :$bEn la imprenta y libreria de Don Felix de Casas y Martinez, frente del Santo Cristo de la Salud ...,$c[between 1781 and 1793?]
=300  \\$a1 online resource
=336  \\$atext$2rdacontent
=337  \\$acomputer$2rdamedia
=338  \\$aonline resources$2rdacarrier
=500  \\$aText printed in two columns.
=500  \\$aIn verse.
=500  \\$aThree separate illustrations at head of title; second part with three additional illustrations at head of title.
=500  \\$aCaption title.
=500  \\$aImprint from colophon.
=500  \\$a"362"
=500  \\$aIn two parts.
=599  \\$aItem no. T59 in volume 1074.g.24.$5Uk
=533  \\$aElectronic Reproduction$bLondon$cBritish Library$d2012$nItem no. T59 in volume 1074.g.24.$5Uk
=650  \4$aRamon Guardiola (Fictitious character)
=650  \0$aBrigands and robbers.
=650  \4$aBandoleros.
=653  \1$aRamon Guardiola (Personaje ficticio)
=655  \7$aChapbooks$zSpain.$2rbgenr
=662  \\$aSpain$dValls$2lcsh-naf
=662  \\$aSpain$dBarcelona$2lcsh-naf
=752  \\$aSpain$dMálaga.
=856  40$uhttp://cudl.lib.cam.ac.uk/view/PR-01074-G-00024-00059$yCambridge Digital Library
=859  \\$aXLD$bCambridge Digital Library
=CAT  \\$aWR14_159$b00$c20141016$lBLL01$h1656
=CAT  \\$aWR14_181$c20150323$lBLL01$h1403
=CAT  \\$aW1606-1753$c20171028$lBLL01$h1604
=SRC  \\$aBLWrongdoing
=LAS  \\$aW1606-1753$b00$c20171028$lBLL01$h1604

