=LDR  02181 am a2200481 a 4500
=001  016894477
=003  Uk
=005  20131122172325.0
=006  m\\\\||\\d\|\\\\\\
=007  cr\|||||||||||
=008  131122s1777\\\\sp\a\\\\o\\\\\000\0\spa\d
=FMT  \\$a  BK
=040  \\$aUkCU$beng$cUkCU$dUk
=245  00$aNueva relacion y curioso romance en que se declara y dà cuenta de un portentoso milagro que ha obrado el Santo Cristo de Burgos, y su santisima madre la Virgen del Pilar, y los Santos Evangelios, con dos devotos suyos :$blibrando al uno del poder del demonio, y al otro dandola nueva vida : sucedió en la ciudad de Burgos : De D. Geronimo Morales : primera parte.
=246  30$aDe D. Geronimo Morales
=260  \\$aSe hallará en Malaga :$bEn la imprenta y libreria de D. Felix de Casts y Martinez, frente del Sto. Cristo de la Salud ...,$caño de 1777.
=300  \\$a1 online resource
=336  \\$atext$2rdacontent
=337  \\$acomputer$2rdamedia
=338  \\$aonline resources$2rdacarrier
=500  \\$aText printed in two columns.
=500  \\$aIn verse.
=500  \\$aTwo separate illustrations at head of title; second part with two additional illustrations at head of title.
=500  \\$aCaption title.
=500  \\$aImprint from colophon.
=500  \\$a"365"
=500  \\$aIn two parts.
=599  \\$aItem no. T60 in volume 1074.g.24.$5Uk
=533  \\$aElectronic Reproduction$bLondon$cBritish Library$d2012$nItem no. T60 in volume 1074.g.24.$5Uk
=650  \0$aPilar, Nuestra Señora del$xMiracles.
=650  \4$aPilar, Nuestra Señora del$xMilagros.
=650  \4$aGeronimo Morales (Fictitious character)
=653  \1$aGeronimo Morales (Personaje ficticio)
=655  \7$aChapbooks$zSpain.$2rbgenr
=662  \\$aSpain$dBurgos$2lcsh-naf
=752  \\$aSpain$dMálaga.
=856  40$uhttp://cudl.lib.cam.ac.uk/view/PR-01074-G-00024-00060$yCambridge Digital Library
=859  \\$aXLD$bCambridge Digital Library
=CAT  \\$aWR14_159$b00$c20141016$lBLL01$h1656
=CAT  \\$aWR14_181$c20150323$lBLL01$h1403
=CAT  \\$aW1606-1753$c20171028$lBLL01$h1604
=SRC  \\$aBLWrongdoing
=LAS  \\$aW1606-1753$b00$c20171028$lBLL01$h1604

