=LDR  02253 am a2200505 a 4500
=001  016894478
=003  Uk
=005  20131128160741.0
=006  m\\\\||\\d\|\\\\\\
=007  cr\|||||||||||
=008  131122q17811793sp\a\\\\o\\\\\000\0\spa\d
=FMT  \\$a  BK
=040  \\$aUkCU$beng$cUkCU$dUk
=245  00$aDe la fuerza de la sangre :$bDoña Rosa Cisneros : Verdadera relacion y curioso romance en que se dá cuenta y declara el maravilloso suceso que le sucediò à una señora llamada Doña Rosa Cisneros, à quien hurrò un mancebo de la presencia de sus padres : dase cuenta como la gozó violentamente y despues se casó con ella : con todo lo demás que vera el curioso lector.
=246  30$aVerdadera relacion y curioso romance en que se dá cuenta y declara el maravilloso suceso que le sucediò à una señora llamada Doña Rosa Cisneros
=260  \\$aSe hallará en Malaga :$bEn la imprenta y libreria de D. Felix de Casas y Martinez, frente el Sto. Cristo de la Salud ...,$c[between 1781 and 1793?]
=300  \\$a1 online resource
=336  \\$atext$2rdacontent
=337  \\$acomputer$2rdamedia
=338  \\$aonline resources$2rdacarrier
=500  \\$aText printed in two columns.
=500  \\$aIn verse.
=500  \\$aThree separate illustrations at head of title;
=500  \\$aCaption title.
=500  \\$aImprint from colophon.
=500  \\$a"367"
=599  \\$aItem no. T61 in volume 1074.g.24.$5Uk
=533  \\$aElectronic Reproduction$bLondon$cBritish Library$d2012$nItem no. T61 in volume 1074.g.24.$5Uk
=650  \0$aHonor.
=650  \0$aRape.
=650  \4$aRosa Cisneros (Fictitious character)
=650  \4$aHonor.
=650  \4$aViolación.
=650  \4$aBodas.
=653  \1$aRosa Cisneros (Personaje ficticio)
=655  \7$aChapbooks$zSpain.$2rbgenr
=662  \\$aSpain$dLeón$2lcsh-naf
=752  \\$aSpain$dMálaga.
=856  40$uhttp://cudl.lib.cam.ac.uk/view/PR-01074-G-00024-00061$yCambridge Digital Library
=859  \\$aXLD$bCambridge Digital Library
=CAT  \\$aWR14_159$b00$c20141016$lBLL01$h1656
=CAT  \\$aWR14_181$c20150323$lBLL01$h1403
=CAT  \\$aW1606-1753$c20171028$lBLL01$h1604
=SRC  \\$aBLWrongdoing
=LAS  \\$aW1606-1753$b00$c20171028$lBLL01$h1604

