=LDR  02893 am a2200553 a 4500
=001  016894479
=003  Uk
=005  20131128160653.0
=006  m\\\\||\\d\|\\\\\\
=007  cr\|||||||||||
=008  131122q17811793sp\a\\\\o\\\\\000\0\spa\d
=FMT  \\$a  BK
=040  \\$aUkCU$beng$cUkCU$dUk
=245  00$aNueva relacion y curioso romance en que se refieren los valerosos hechos de Don Pedro de Veraguas :$bel qual fué cautivo por los turcos y lo llevaron à la gran Constantinopla, y se lo llevó à su casa el general Zelim, y dandole el cargo de mayordomo se enamoró del cristiano la princesa Lindaraja y convirtiendose à nuestra santa Fé à persuasiones de su amante, se vinieron à España : y lo demas que verá el curioso lector : sucedió el dia 15 de septiembre de 1759 : primera parte.
=260  \\$aSe hallará en Málaga :$bEn la imprenta y libreria de D. Felix de Casas y Martinez, frente del Santo Cristo de la Salud ...,$c[between 1781 and 1793?]
=300  \\$a1 online resource
=336  \\$atext$2rdacontent
=337  \\$acomputer$2rdamedia
=338  \\$aonline resources$2rdacarrier
=500  \\$aText printed in two columns.
=500  \\$aIn verse.
=500  \\$aTwo separate illustrations at head of title; second part with two additional illustrations at head of title.
=500  \\$aCaption title.
=500  \\$aImprint from colophon.
=500  \\$a"(384)"
=500  \\$aIn two parts. Part two has title: "Relacion de los valerosos hechos de Don Pedro de Veraguas, el qual fué cautivo por los turcos, y lo llevaron á la gran Constantinopla, con lo demás que verá el curioso lector : segunda parte."
=599  \\$aItem no. T62 in volume 1074.g.24.$5Uk
=533  \\$aElectronic Reproduction$bLondon$cBritish Library$d2012$nItem no. T62 in volume 1074.g.24.$5Uk
=650  \4$aPedro de Veraguas (Fictitious character)
=650  \0$aConversion$xChristianity.
=650  \0$aChristianity and other religions$xIslam.
=650  \0$aIslam$xRelations$xChristianity.
=650  \4$aConversión religiosa$xCristianismo.
=650  \4$aCristianismo y otras religiones$xIslamismo.
=650  \4$aIslamismo$xRelaciones$xCristianismo.
=653  \1$aPedro de Veraguas (Personaje ficticio)
=655  \7$aChapbooks$zSpain.$2rbgenr
=662  \\$aSpain$dZafra (Badajoz)$2lcsh-naf
=662  \\$aSpain$dBarcelona$2lcsh-naf
=662  \\$aTurkey$dIstanbul$2lcsh-naf
=740  02$aRelacion de los valerosos hechos de Don Pedro de Veraguas.
=752  \\$aSpain$dMálaga.
=856  40$uhttp://cudl.lib.cam.ac.uk/view/PR-01074-G-00024-00062$yCambridge Digital Library
=859  \\$aXLD$bCambridge Digital Library
=CAT  \\$aWR14_159$b00$c20141016$lBLL01$h1656
=CAT  \\$aWR14_181$c20150323$lBLL01$h1403
=CAT  \\$aW1606-1753$c20171028$lBLL01$h1604
=SRC  \\$aBLWrongdoing
=LAS  \\$aW1606-1753$b00$c20171028$lBLL01$h1604

