=LDR  02627 am a2200517 a 4500
=001  016894483
=003  Uk
=005  20131128160753.0
=006  m\\\\||\\d\|\\\\\\
=007  cr\|||||||||||
=008  131122q17811793sp\a\\\\o\\\\\000\0\spa\d
=FMT  \\$a  BK
=040  \\$aUkCU$beng$cUkCU$dUk
=245  00$aD. Antonio Mellado y Osuna y Doña Eugenia Lopez :$bNueva relacion y curioso romance que expresa los amorosos sucesos de estos dos amantes : dase noticia como fueron cautivos y las prodigiosas hazañas que el enamorado amante hizo hasta librar à su dama de semejantes ahogos, con todas las demàs particularidades que verà el curioso lector : sucediò el dia 20 de junio de este presente año : primera parte.
=246  30$aNueva relacion y curioso romance que expresa los amorosos sucesos de estos dos amantes
=246  3\$aDon Antonio Mellado y Osuna y Doña Eugenia Lopez
=260  \\$aSe hallará en Malaga :$bEn la imprenta y libreria de D. Felix de Casas y Martinez, frente el Sto. Cristo de la Salud ...,$c[between 1781 and 1793?]
=300  \\$a1 online resource
=336  \\$atext$2rdacontent
=337  \\$acomputer$2rdamedia
=338  \\$aonline resources$2rdacarrier
=500  \\$aText printed in two columns.
=500  \\$aIn verse.
=500  \\$aThree separate illustrations at head of title; second part with three additional illustrations at head of title.
=500  \\$aCaption title.
=500  \\$aImprint from colophon.
=500  \\$a"404"
=500  \\$aIn two parts. Part two has title: "Segunda parte: prosiguen las bizarrias de Don Antonio Mellado y Doña Eugenia Lopez, hasta el fin de sus amores."
=599  \\$aItem no. T66 in volume 1074.g.24.$5Uk
=533  \\$aElectronic Reproduction$bLondon$cBritish Library$d2012$nItem no. T66 in volume 1074.g.24.$5Uk
=650  \0$aCourtship.
=650  \4$aAntonio Mellado y Osuna (Fictitious character)
=650  \4$aEugenia Lopez (Fictitious character)
=650  \4$aCortejo amoroso.
=653  \1$aAntonio Mellado y Osuna (Personaje ficticio)
=653  \1$aEugenia Lopez (Personaje ficticio)
=655  \7$aChapbooks$zSpain.$2rbgenr
=740  02$aProsiguen las bizarrias de Don Antonio Mellado y Doña Eugenia Lopez.
=752  \\$aSpain$dMálaga.
=856  40$uhttp://cudl.lib.cam.ac.uk/view/PR-01074-G-00024-00066$yCambridge Digital Library
=859  \\$aXLD$bCambridge Digital Library
=CAT  \\$aWR14_159$b00$c20141016$lBLL01$h1656
=CAT  \\$aWR14_181$c20150323$lBLL01$h1403
=CAT  \\$aW1606-1753$c20171028$lBLL01$h1604
=SRC  \\$aBLWrongdoing
=LAS  \\$aW1606-1753$b00$c20171028$lBLL01$h1604

