=LDR  01603 am a2200421 a 4500
=001  016894484
=003  Uk
=005  20131128155824.0
=006  m\\\\||\\d\|\\\\\\
=007  cr\|||||||||||
=008  131128s1790\\\\sp\a\\\\o\\\\\000\0\spa\d
=FMT  \\$a  BK
=040  \\$aUkCU$beng$cUkCU$dUk
=245  00$aDe la antiguedad y excelencias del borrico :$bsaca la cara en su defensa contra el doctor sabelo todo, el bachiller Barroso : escrito en molde para mas claridad.
=260  \\$aSe hallará en Málaga :$bEn la imprenta de D. Felix de Casas y Martinez, frente del Sto. Cristo de la Salud,$caño de 1790.
=300  \\$a1 online resource
=336  \\$atext$2rdacontent
=337  \\$acomputer$2rdamedia
=338  \\$aonline resources$2rdacarrier
=500  \\$aText printed in two columns.
=500  \\$aIn verse.
=500  \\$aIllustration at head of title.
=500  \\$aCaption title.
=500  \\$aImprint from colophon.
=500  \\$a"406"
=599  \\$aItem no. T67 in volume 1074.g.24.$5Uk
=533  \\$aElectronic Reproduction$bLondon$cBritish Library$d2012$nItem no. T67 in volume 1074.g.24.$5Uk
=650  \0$aDonkeys.
=650  \4$aAsnos.
=655  \7$aChapbooks$zSpain.$2rbgenr
=752  \\$aSpain$dMálaga.
=856  40$uhttp://cudl.lib.cam.ac.uk/view/PR-01074-G-00024-00067$yCambridge Digital Library
=859  \\$aXLD$bCambridge Digital Library
=CAT  \\$aWR14_159$b00$c20141016$lBLL01$h1656
=CAT  \\$aWR14_181$c20150323$lBLL01$h1403
=CAT  \\$aW1606-1753$c20171028$lBLL01$h1604
=SRC  \\$aBLWrongdoing
=LAS  \\$aW1606-1753$b00$c20171028$lBLL01$h1604

