=LDR  02016 am a2200517 a 4500
=001  016894485
=003  Uk
=005  20131128160415.0
=006  m\\\\||\\d\|\\\\\\
=007  cr\|||||||||||
=008  131128q17811793sp\a\\\\o\\\\\000\0\spa\d
=FMT  \\$a  BK
=040  \\$aUkCU$beng$cUkCU$dUk
=245  00$aPrimera parte de Segismundo y Ardenia :$bDase cuenta de los varios sucesos que les acaccieron.
=246  30$aDe Segismundo y Ardenia
=260  \\$aSe hallará en Málaga :$bEn la imprenta y libreria de D. Felix de Casas y Martinez, frente el Sto. Cristo de la Salud ...,$c[between 1781 and 1793?]
=300  \\$a1 online resource
=336  \\$atext$2rdacontent
=337  \\$acomputer$2rdamedia
=338  \\$aonline resources$2rdacarrier
=500  \\$aText printed in two columns.
=500  \\$aIn verse.
=500  \\$aThree separate illustrations at head of title.
=500  \\$aCaption title.
=500  \\$aImprint from colophon.
=500  \\$a"(407)"
=500  \\$aIn two parts. Part two has title: Segunda parte que declara el desgraciado fin que tuvieron los amores de Segismundo y Ardenia.
=599  \\$aItem no. T68 in volume 1074.g.24.$5Uk
=533  \\$aElectronic Reproduction$bLondon$cBritish Library$d2012$nItem no. T68 in volume 1074.g.24.$5Uk
=650  \0$aInfantice.
=650  \0$aMurder.
=650  \0$aAtrocities.
=650  \4$aInfanticidio.
=650  \4$aAsesinato.
=650  \4$aAtrocidades.
=650  \4$aPrincesas.
=655  \7$aChapbooks$zSpain.$2rbgenr
=740  02$aSegunda parte que declara el desgraciado fin que tuvieron los amores de Segismundo y Ardenia.
=752  \\$aSpain$dMálaga.
=856  40$uhttp://cudl.lib.cam.ac.uk/view/PR-01074-G-00024-00068$yCambridge Digital Library
=859  \\$aXLD$bCambridge Digital Library
=CAT  \\$aWR14_159$b00$c20141016$lBLL01$h1656
=CAT  \\$aWR14_181$c20150323$lBLL01$h1403
=CAT  \\$aW1606-1753$c20171028$lBLL01$h1604
=SRC  \\$aBLWrongdoing
=LAS  \\$aW1606-1753$b00$c20171028$lBLL01$h1604

