=LDR  02274 am a2200517 a 4500
=001  016894486
=003  Uk
=005  20131129104618.0
=006  m\\\\||\\d\|\\\\\\
=007  cr\|||||||||||
=008  131128q17811793sp\a\\\\o\\\\\000\0\spa\d
=FMT  \\$a  BK
=040  \\$aUkCU$beng$cUkCU$dUk
=100  1\$aDíaz, Manuel.
=245  10$aDon Carlos y Doña Laura :$brefierense los tragicos sucesos que por una comadre pasaron y el dichoso fin que tuvieron /$ccompuestos por el maestro Manuel Diaz.
=260  \\$aSe hallará en Malaga :$bEn la imprenta y libreria de D. Felix de Casas y Martinez, frente del Sto. Cristo de la Salud ...,$c[between 1781 and 1793?]
=300  \\$a1 online resource
=336  \\$atext$2rdacontent
=337  \\$acomputer$2rdamedia
=338  \\$aonline resources$2rdacarrier
=500  \\$aText printed in two columns.
=500  \\$aIn verse.
=500  \\$aTwo separate illustrations at head of title; second part with additional illustrations at head of title.
=500  \\$aCaption title.
=500  \\$aImprint from colophon.
=500  \\$a"(423)"
=500  \\$aIn two parts. Part two has title: "Dn. Carlos y Da. Laura : declara como un viejo leñador halló los niños y llevandolos á su choza fueron bautizados y el castigo que el caballero mandó hacer en la comadre, despues de descubrir este suceso."
=599  \\$aItem no. T69 in volume 1074.g.24.$5Uk
=533  \\$aElectronic Reproduction$bLondon$cBritish Library$d2012$nItem no. T69 in volume 1074.g.24.$5Uk
=650  \0$aMan-woman relationships.
=650  \4$aRelaciones hombre-mujer.
=650  \4$aLeñadores.
=650  \4$aEsclavos.
=655  \7$aChapbooks$zSpain.$2rbgenr
=662  \\$aItaly$dPavia$2lcsh-naf
=740  02$aDn. Carlos y Da. Laura.
=752  \\$aSpain$dMálaga.
=856  40$uhttp://cudl.lib.cam.ac.uk/view/PR-01074-G-00024-00069$yCambridge Digital Library
=859  \\$aXLD$bCambridge Digital Library
=CAT  \\$aWR14_159$b00$c20141016$lBLL01$h1656
=CAT  \\$aBATCH-UPD$b00$c20141016$lBLL01$h1715
=CAT  \\$aBATCH-UPD$b00$c20150108$lBLL01$h0027
=CAT  \\$aWR14_181$c20150323$lBLL01$h1403
=CAT  \\$aW1606-1753$c20171028$lBLL01$h1604
=SRC  \\$aBLWrongdoing
=LAS  \\$aW1606-1753$b00$c20171028$lBLL01$h1604

