=LDR  01998 am a2200505 a 4500
=001  016894487
=003  Uk
=005  20131128170807.0
=006  m\\\\||\\d\|\\\\\\
=007  cr\|||||||||||
=008  131128q17811793sp\a\\\\o\\\\\000\0\spa\d
=FMT  \\$a  BK
=040  \\$aUkCU$beng$cUkCU$dUk
=245  00$aCurioso romance en que se da cuenta del castigo que executó́ un caballero con su muger por haber esta en su ausencia faltadole à la debida fide[l]idad :$by como despues se retiró él à un monasterio y acabó santamente : Don Juan y Doña Antonia.
=246  30$aDon Juan y Doña Antonia
=260  \\$aSe hallará en Málaga :$bEn la imprenta y libreria de D. Felix de Casas y Martinez, frente el Santo Cristo de la Salud ...,$c[between 1781 and 1793?]
=300  \\$a1 online resource
=336  \\$atext$2rdacontent
=337  \\$acomputer$2rdamedia
=338  \\$aonline resources$2rdacarrier
=500  \\$aText printed in two columns.
=500  \\$aIn verse.
=500  \\$aTwo separate illustrations at head of title.
=500  \\$aCaption title.
=500  \\$aImprint from colophon.
=500  \\$a"436"
=500  \\$aIn two parts.
=599  \\$aItem no. T70 in volume 1074.g.24.$5Uk
=533  \\$aElectronic Reproduction$bLondon$cBritish Library$d2012$nItem no. T70 in volume 1074.g.24.$5Uk
=650  \0$aMan-woman relationships.
=650  \0$aMurder.
=650  \0$aInfanticide.
=650  \4$aRelaciones hombre-mujer.
=650  \4$aAsesinato.
=650  \4$aInfanticidio.
=655  \7$aChapbooks$zSpain.$2rbgenr
=662  \\$aSpain$dSantander$2lcsh-naf
=752  \\$aSpain$dMálaga.
=856  40$uhttp://cudl.lib.cam.ac.uk/view/PR-01074-G-00024-00070$yCambridge Digital Library
=859  \\$aXLD$bCambridge Digital Library
=CAT  \\$aWR14_159$b00$c20141016$lBLL01$h1656
=CAT  \\$aWR14_181$c20150323$lBLL01$h1403
=CAT  \\$aW1606-1753$c20171028$lBLL01$h1604
=SRC  \\$aBLWrongdoing
=LAS  \\$aW1606-1753$b00$c20171028$lBLL01$h1604

