=LDR  02065 am a2200493 a 4500
=001  016894490
=003  Uk
=005  20131128172509.0
=006  m\\\\||\\d\|\\\\\\
=007  cr\|||||||||||
=008  131128q17811793sp\a\\\\o\\\\\000\0\spa\d
=FMT  \\$a  BK
=040  \\$aUkCU$beng$cUkCU$dUk
=245  00$aCurioso romance en que se declara un caso que sucedió en la ciudad de Lisboa con un caballero llamado D. Pedro de Roxas :$by una dama que se llamaba Doña Antonia, a quien él burló cautelosamente : refierese la bizarría con que la dama tomó venganza desta ofensa por su propia mano : De Don Pedro de Roxas.
=246  30$aDe Don Pedro de Roxa
=260  \\$aSe hallará en Málaga :$bEn la imprenta y libreria de D. Felix de Casas y Martinez, frente del Sto. Cristo de la Salud ...,$c[between 1781 and 1793?]
=300  \\$a1 online resource
=336  \\$atext$2rdacontent
=337  \\$acomputer$2rdamedia
=338  \\$aonline resources$2rdacarrier
=500  \\$aText printed in two columns.
=500  \\$aIn verse.
=500  \\$aIllustration incorporated within title.
=500  \\$aCaption title.
=500  \\$aImprint from colophon.
=500  \\$a"(467)"
=599  \\$aItem no. T73 in volume 1074.g.24.$5Uk
=533  \\$aElectronic Reproduction$bLondon$cBritish Library$d2012$nItem no. T73 in volume 1074.g.24.$5Uk
=650  \0$aMan-woman relationships.
=650  \0$aRevenge.
=650  \4$aPedro de Roxas (Fictitious character)
=650  \4$aRelaciones hombre-mujer.
=650  \4$aVenganza
=653  \1$aPedro de Roxas (Personaje ficticio)
=655  \7$aChapbooks$zSpain.$2rbgenr
=662  \\$aPortugal$dLisbon$2lcsh-naf
=752  \\$aSpain$dMálaga.
=856  40$uhttp://cudl.lib.cam.ac.uk/view/PR-01074-G-00024-00073$yCambridge Digital Library
=859  \\$aXLD$bCambridge Digital Library
=CAT  \\$aWR14_159$b00$c20141016$lBLL01$h1656
=CAT  \\$aWR14_181$c20150323$lBLL01$h1403
=CAT  \\$aW1606-1753$c20171028$lBLL01$h1604
=SRC  \\$aBLWrongdoing
=LAS  \\$aW1606-1753$b00$c20171028$lBLL01$h1604

