=LDR  01824 am a2200457 a 4500
=001  016894493
=003  Uk
=005  20131129111120.0
=006  m\\\\||\\d\|\\\\\\
=007  cr\|||||||||||
=008  131129q17811793sp\a\\\\o\\\\\000\0\spa\d
=FMT  \\$a  BK
=040  \\$aUkCU$beng$cUkCU$dUk
=245  00$aNuevo y tragico romance en que se refieren las desgracias que han sucedido en Melilla con la boladura de un repuesto de polvora el dia 15 de julio de este presente año de 1786 :$by otras particularidades que verá el curioso lector : primera parte.
=260  \\$aCon licencia en Malaga :$bEn la imprenta de D. Felix de Casas y Martinez, frente del Sto. Cristo de la Salud ...,$c[between 1781 and 1793?]
=300  \\$a1 online resource
=336  \\$atext$2rdacontent
=337  \\$acomputer$2rdamedia
=338  \\$aonline resources$2rdacarrier
=500  \\$aText printed in two columns.
=500  \\$aIn verse.
=500  \\$aIllustration at head of title.
=500  \\$aCaption title.
=500  \\$aImprint from colophon.
=500  \\$aIn two parts.
=599  \\$aItem no. T76 in volume 1074.g.24.$5Uk
=533  \\$aElectronic Reproduction$bLondon$cBritish Library$d2012$nItem no. T76 in volume 1074.g.24.$5Uk
=650  \0$aGunnery.
=650  \0$aAccidents.
=650  \4$aTiro de artillería.
=650  \4$aAccidentes.
=655  \7$aChapbooks$zSpain.$2rbgenr
=662  \\$aSpain$dMelilla$2lcsh-naf
=752  \\$aSpain$dMálaga.
=856  40$uhttp://cudl.lib.cam.ac.uk/view/PR-01074-G-00024-00076$yCambridge Digital Library
=859  \\$aXLD$bCambridge Digital Library
=CAT  \\$aWR14_159$b00$c20141016$lBLL01$h1656
=CAT  \\$aWR14_181$c20150323$lBLL01$h1403
=CAT  \\$aW1606-1753$c20171028$lBLL01$h1604
=SRC  \\$aBLWrongdoing
=LAS  \\$aW1606-1753$b00$c20171028$lBLL01$h1604

