=LDR  02086 am a2200481 a 4500
=001  016894494
=003  Uk
=005  20131129111755.0
=006  m\\\\||\\d\|\\\\\\
=007  cr\|||||||||||
=008  131129q17811793sp\a\\\\o\\\\\000\0\spa\d
=FMT  \\$a  BK
=040  \\$aUkCU$beng$cUkCU$dUk
=245  00$aDe D. Manuel Sanchez de Rueda :$bdeclarase como renego y se caso en Argél, donde se mantuvo algunos años : dase cuenta como por intercecion [sic] de la Virgen Sma. del Rosario fue libre : con lo demas que verá el curioso lector : segunda parte
=246  3\$aDe Don Manuel Sanchez de Rueda
=260  \\$aSe hallará en Malaga :$bEn la imprenta y libreria de D. Felix de Casas y Martinez, frente del Sto. Christo de la Salud ...,$c[between 1781 and 1793?]
=300  \\$a1 online resource
=336  \\$atext$2rdacontent
=337  \\$acomputer$2rdamedia
=338  \\$aonline resources$2rdacarrier
=500  \\$aText printed in two columns.
=500  \\$aIn verse.
=500  \\$aTwo separate illustrations at head of title.
=500  \\$aCaption title.
=500  \\$aImprint from colophon.
=599  \\$aItem no. T77 in volume 1074.g.24.$5Uk
=533  \\$aElectronic Reproduction$bLondon$cBritish Library$d2012$nItem no. T77 in volume 1074.g.24.$5Uk
=650  \0$aChristianity and other religions$xIslam.
=650  \0$aIslam$xRelations$xChristianity.
=650  \4$aCristianismo y otras religiones$xIslamismo.
=650  \4$aIslamismo$xRelaciones$xCristianismo.
=650  \4$aManuel Sánchez de Rueda (Fictitious character)
=653  \1$aManuel Sánchez de Rueda (Personaje ficticio)
=655  \7$aChapbooks$zSpain.$2rbgenr
=662  \\$aAlgeria$2lcsh-naf
=752  \\$aSpain$dMálaga.
=856  40$uhttp://cudl.lib.cam.ac.uk/view/PR-01074-G-00024-00077$yCambridge Digital Library
=859  \\$aXLD$bCambridge Digital Library
=CAT  \\$aWR14_159$b00$c20141016$lBLL01$h1656
=CAT  \\$aWR14_181$c20150323$lBLL01$h1403
=CAT  \\$aW1606-1753$c20171028$lBLL01$h1604
=SRC  \\$aBLWrongdoing
=LAS  \\$aW1606-1753$b00$c20171028$lBLL01$h1604

