=LDR  02071 am a2200493 a 4500
=001  016894495
=003  Uk
=005  20131129112220.0
=006  m\\\\||\\d\|\\\\\\
=007  cr\|||||||||||
=008  131129q17811793sp\a\\\\o\\\\\000\0\spa\d
=FMT  \\$a  BK
=040  \\$aUkCU$beng$cUkCU$dUk
=245  00$aSegunda parte en que prosiguen los arrestos del invencible Pedro Romero, el qual sacó de su casa à la dicha Doña Magdalena del Rio, y se casó con ella, à pesar de todos sus contrarios :$by por sus nobles hazañas le perdonaron las muertes cometidas : con todo lo demás que verá el curioso lector.
=260  \\$aSe hallará en Málaga :$bEn la imprenta y libreria de D. Felix de Casas y Martinez, frente del Sto. Cristo de la Salud ...,$c[between 1781 and 1793?]
=300  \\$a1 online resource
=336  \\$atext$2rdacontent
=337  \\$acomputer$2rdamedia
=338  \\$aonline resources$2rdacarrier
=500  \\$aText printed in two columns.
=500  \\$aIn verse.
=500  \\$aIllustration at head of title.
=500  \\$aCaption title.
=500  \\$aImprint from colophon.
=599  \\$aItem no. T78 in volume 1074.g.24.$5Uk
=533  \\$aElectronic Reproduction$bLondon$cBritish Library$d2012$nItem no. T78 in volume 1074.g.24.$5Uk
=600  14$aPedro Romero (Fictitious character)
=600  14$aMagdalena del Rio (Fictitious character)
=650  \0$aBrigands and robbers.
=650  \0$aCourtship.
=650  \4$aBandoleros.
=650  \4$aCortejo amoroso.
=653  \0$aBodas.
=653  \1$aPedro Romero (Personaje ficticio)
=653  \1$aMagdalena del Rio (Personaje ficticio)
=655  \7$aChapbooks$zSpain.$2rbgenr
=752  \\$aSpain$dMálaga.
=856  40$uhttp://cudl.lib.cam.ac.uk/view/PR-01074-G-00024-00078$yCambridge Digital Library
=859  \\$aXLD$bCambridge Digital Library
=CAT  \\$aWR14_159$b00$c20141016$lBLL01$h1656
=CAT  \\$aWR14_181$c20150323$lBLL01$h1403
=CAT  \\$aW1606-1753$c20171028$lBLL01$h1604
=SRC  \\$aBLWrongdoing
=LAS  \\$aW1606-1753$b00$c20171028$lBLL01$h1604

