=LDR  01629 am a2200469 a 4500
=001  016894497
=003  Uk
=005  20131129142333.0
=006  m\\\\||\\d\|\\\\\\
=007  cr\|||||||||||
=008  131129q18011871sp\a\\\\o\\\\\000\0\cat\d
=FMT  \\$a  BK
=040  \\$aUkCU$beng$cUkCU$dUk
=245  00$aVirtuts del cagar :$by fibladas de las pussas.
=260  \\$aReimprés en Manresa :$bPer Pau Roca, carrer de St. Miquel,$c[between 1801 and 1871?]
=300  \\$a1 online resource
=336  \\$atext$2rdacontent
=337  \\$acomputer$2rdamedia
=338  \\$aonline resources$2rdacarrier
=500  \\$aText printed in two columns.
=500  \\$aIn verse.
=500  \\$aTwo separate illustrations at head of title.
=500  \\$aCaption title.
=500  \\$aImprint from colophon.
=500  \\$a"Molestia de las pussas": p. 7-8.
=599  \\$aItem no. T80 in volume 1074.g.24.$5Uk
=533  \\$aElectronic Reproduction$bLondon$cBritish Library$d2012$nItem no. T80 in volume 1074.g.24.$5Uk
=650  \0$aSatire, Spanish.
=650  \0$aDefecation.
=650  \0$aFleas.
=650  \4$aSátira española.
=650  \4$aDefecación (Fisiología)
=650  \4$aPulgas.
=655  \7$aChapbooks$zSpain.$2rbgenr
=752  \\$aSpain$dManresa.
=856  40$uhttp://cudl.lib.cam.ac.uk/view/PR-01074-G-00024-00080$yCambridge Digital Library
=859  \\$aXLD$bCambridge Digital Library
=CAT  \\$aWR14_159$b00$c20141016$lBLL01$h1656
=CAT  \\$aWR14_181$c20150323$lBLL01$h1403
=CAT  \\$aW1606-1753$c20171028$lBLL01$h1604
=SRC  \\$aBLWrongdoing
=LAS  \\$aW1606-1753$b00$c20171028$lBLL01$h1604

