=LDR  01649 am a2200445 a 4500
=001  016894498
=003  Uk
=005  20131129142601.0
=006  m\\\\||\\d\|\\\\\\
=007  cr\|||||||||||
=008  131129q18011871sp\a\\\\o\\\\\000\0\spa\d
=FMT  \\$a  BK
=040  \\$aUkCU$beng$cUkCU$dUk
=245  00$aTriste y nueva cancion del asesinato acahecido en Manresa a Esteban Casajuana :$bá las 11 horas de la noche del dia 11 de mayo de 1846.
=260  \\$aManresa :$bImprenta de P. Roca,$c[between 1801 and 1871?]
=300  \\$a1 online resource
=336  \\$atext$2rdacontent
=337  \\$acomputer$2rdamedia
=338  \\$aonline resources$2rdacarrier
=500  \\$aText printed in two columns.
=500  \\$aIn verse.
=500  \\$aIllustration at head of title.
=500  \\$aCaption title.
=500  \\$aImprint from colophon.
=599  \\$aItem no. T81 in volume 1074.g.24.$5Uk
=533  \\$aElectronic Reproduction$bLondon$cBritish Library$d2012$nItem no. T81 in volume 1074.g.24.$5Uk
=650  \0$aAssassination.
=650  \4$aAsesinato.
=650  14$aEsteban Casajuana (Fictitious character)
=653  \1$aEsteban Casajuana (Personaje ficticio)
=655  \7$aChapbooks$zSpain.$2rbgenr
=662  \\$aSpain$dManresa$2lcsh-naf
=752  \\$aSpain$dManresa.
=856  40$uhttp://cudl.lib.cam.ac.uk/view/PR-01074-G-00024-00081$yCambridge Digital Library
=859  \\$aXLD$bCambridge Digital Library
=CAT  \\$aWR14_159$b00$c20141016$lBLL01$h1656
=CAT  \\$aWR14_181$c20150323$lBLL01$h1403
=CAT  \\$aW1606-1753$c20171028$lBLL01$h1604
=SRC  \\$aBLWrongdoing
=LAS  \\$aW1606-1753$b00$c20171028$lBLL01$h1604

