=LDR  01745 am a2200481 a 4500
=001  016894500
=003  Uk
=005  20131129150632.0
=006  m\\\\||\\d\|\\\\\\
=007  cr\|||||||||||
=008  131129q18531904sp\a\\\\o\\\\\000\0\spa\d
=FMT  \\$a  BK
=040  \\$aUkCU$beng$cUkCU$dUk
=245  10$aRelacion chistosa titulada :$bTodas me gustan ; seguida de otra seria, cuyo titulo es Desengaños de las doncellas.
=246  30$aTodas me gustan
=260  \\$aMurcia :$bImprenta de los herederos de Teruel, á cargo de Pedro Belda, calle de la Lenceria,$c[between 1853 and 1904?]
=300  \\$a1 online resource
=336  \\$atext$2rdacontent
=337  \\$acomputer$2rdamedia
=338  \\$aonline resources$2rdacarrier
=500  \\$aText printed in two columns.
=500  \\$aIn verse.
=500  \\$aIllustration at head of title.
=500  \\$aCaption title.
=500  \\$aImprint from colophon.
=500  \\$a"(Nùm. 66.)"
=500  \\$a"Desengaños de las doncellas": p. [3-4].
=599  \\$aItem no. T83 in volume 1074.g.24.$5Uk
=533  \\$aElectronic Reproduction$bLondon$cBritish Library$d2012$nItem no. T83 in volume 1074.g.24.$5Uk
=650  \0$aParody.
=650  \0$aWomen.
=650  \4$aParodia.
=650  \4$aMujeres.
=655  \7$aChapbooks$zSpain.$2rbgenr
=740  02$aDesengaños de las doncellas.
=752  \\$aSpain$dMurcia.
=856  40$uhttp://cudl.lib.cam.ac.uk/view/PR-01074-G-00024-00083$yCambridge Digital Library
=859  \\$aXLD$bCambridge Digital Library
=CAT  \\$aWR14_159$b00$c20141016$lBLL01$h1656
=CAT  \\$aWR14_181$c20150323$lBLL01$h1403
=CAT  \\$aW1606-1753$c20171028$lBLL01$h1604
=SRC  \\$aBLWrongdoing
=LAS  \\$aW1606-1753$b00$c20171028$lBLL01$h1604

