=LDR  01819 am a2200493 a 4500
=001  016894501
=003  Uk
=005  20131129151315.0
=006  m\\\\||\\d\|\\\\\\
=007  cr\|||||||||||
=008  131129q17801860sp\a\\\\o\\\\\000\0\spa\d
=FMT  \\$a  BK
=040  \\$aUkCU$beng$cUkCU$dUk
=245  03$aEl alarbe de Marsella :$bejemplar castigo que ha ejecutado Dios nuestro Señor con un caballero de la ciudad de Marsella, por haber dado muerte á su padre y á un hermano suyo y otras varias atrocidades que habia practicado.
=260  \\$aMurcia :$bPor Diego Benedicto,$c[between 1780 and 1860?]
=300  \\$a1 online resource
=336  \\$atext$2rdacontent
=337  \\$acomputer$2rdamedia
=338  \\$aonline resources$2rdacarrier
=500  \\$aText printed in two columns.
=500  \\$aIn verse.
=500  \\$aIllustration at head of title.
=500  \\$aCaption title.
=500  \\$aImprint from colophon.
=500  \\$a"Núm. 5."
=599  \\$aItem no. T84 in volume 1074.g.24.$5Uk
=533  \\$aElectronic Reproduction$bLondon$cBritish Library$d2012$nItem no. T84 in volume 1074.g.24.$5Uk
=650  \0$aFratricide.
=650  \0$aParricide.
=650  \0$aJudgment of God.
=650  \0$aChristianity and justice.
=650  \4$aFratricidio.
=650  \4$aParricidio.
=653  \0$aJusticia divina.
=655  \7$aChapbooks$zSpain.$2rbgenr
=662  \\$aFrance$dMarseille$2lcsh-naf
=752  \\$aSpain$dMurcia.
=856  40$uhttp://cudl.lib.cam.ac.uk/view/PR-01074-G-00024-00084$yCambridge Digital Library
=859  \\$aXLD$bCambridge Digital Library
=CAT  \\$aWR14_159$b00$c20141016$lBLL01$h1656
=CAT  \\$aWR14_181$c20150323$lBLL01$h1403
=CAT  \\$aW1606-1753$c20171028$lBLL01$h1604
=SRC  \\$aBLWrongdoing
=LAS  \\$aW1606-1753$b00$c20171028$lBLL01$h1604

