=LDR  01599 am a2200421 a 4500
=001  016894505
=003  Uk
=005  20131129154903.0
=006  m\\\\||\\d\|\\\\\\
=007  cr\|||||||||||
=008  131129q17801860sp\a\\\\o\\\\\000\0\spa\d
=FMT  \\$a  BK
=040  \\$aUkCU$beng$cUkCU$dUk
=245  00$aLastimosa relacion en que sa [sic] da cuenta de las desgracias que acaban de suceder el dia 17 de mayo de 1831 en la provincia de Alava, Reino de Vizcaza [sic].
=260  \\$aCon licencia en Pamplona :$bCasa de D. Juan Maria Martin,$c[between 1780 and 1860?]
=300  \\$a1 online resource
=336  \\$atext$2rdacontent
=337  \\$acomputer$2rdamedia
=338  \\$aonline resources$2rdacarrier
=500  \\$aText printed in two columns.
=500  \\$aIn verse.
=500  \\$aTwo separate illustrations at head of title.
=500  \\$aCaption title.
=500  \\$aImprint from colophon.
=599  \\$aItem no. T88 in volume 1074.g.24.$5Uk
=533  \\$aElectronic Reproduction$bLondon$cBritish Library$d2012$nItem no. T88 in volume 1074.g.24.$5Uk
=650  \0$aDisasters.
=650  \4$aCatástrofes.
=655  \7$aChapbooks$zSpain.$2rbgenr
=662  \\$aSpain$dAlava$2lcsh-naf
=752  \\$aSpain$dPamplona.
=856  40$uhttp://cudl.lib.cam.ac.uk/view/PR-01074-G-00024-00088$yCambridge Digital Library
=859  \\$aXLD$bCambridge Digital Library
=CAT  \\$aWR14_159$b00$c20141016$lBLL01$h1656
=CAT  \\$aWR14_181$c20150323$lBLL01$h1403
=CAT  \\$aW1606-1753$c20171028$lBLL01$h1604
=SRC  \\$aBLWrongdoing
=LAS  \\$aW1606-1753$b00$c20171028$lBLL01$h1604

