=LDR  01771 am a2200469 a 4500
=001  016894507
=003  Uk
=005  20131129155947.0
=006  m\\\\||\\d\|\\\\\\
=007  cr\|||||||||||
=008  131129q17811793sp\a\\\\o\\\\\000\0\spa\d
=FMT  \\$a  BK
=040  \\$aUkCU$beng$cUkCU$dUk
=245  00$aRelacion del asesinato de seis doncellas acaecido el 22 de agosto del presente año por Pedro Masferrer en el pueblo de Folgarolas, partido de Vich, principado de Cataluña.
=260  \\$aPamplona :$bImprenta de N. Goyeneche,$c[between 1781 and 1793?]
=300  \\$a1 online resource
=336  \\$atext$2rdacontent
=337  \\$acomputer$2rdamedia
=338  \\$aonline resources$2rdacarrier
=500  \\$aText printed in two columns.
=500  \\$aIn verse.
=500  \\$aIllustration at head of title.
=500  \\$aCaption title.
=500  \\$aImprint from colophon.
=599  \\$aItem no. T90 in volume 1074.g.24.$5Uk
=533  \\$aElectronic Reproduction$bLondon$cBritish Library$d2012$nItem no. T90 in volume 1074.g.24.$5Uk
=650  \0$aWomen$xCrimes against.
=650  \0$aAssassination.
=650  \4$aPedro Masferrer (Fictitious character)
=650  \4$aMujeres$xDelitos contra las.
=650  \4$aAsesinato.
=653  \1$aPedro Masferrer (Personaje ficticio)
=655  \7$aChapbooks$zSpain.$2rbgenr
=662  \\$aSpain$dVich$2lcsh-naf
=752  \\$aSpain$dPamplona.
=856  40$uhttp://cudl.lib.cam.ac.uk/view/PR-01074-G-00024-00090$yCambridge Digital Library
=859  \\$aXLD$bCambridge Digital Library
=CAT  \\$aWR14_159$b00$c20141016$lBLL01$h1656
=CAT  \\$aWR14_181$c20150323$lBLL01$h1403
=CAT  \\$aW1606-1753$c20171028$lBLL01$h1604
=SRC  \\$aBLWrongdoing
=LAS  \\$aW1606-1753$b00$c20171028$lBLL01$h1604

