=LDR  02015 am a2200457 a 4500
=001  016894508
=003  Uk
=005  20131129161324.0
=006  m\\\\||\\d\|\\\\\\
=007  cr\|||||||||||
=008  131129s1859\\\\sp\a\\\\o\\\\\000\0\spa\d
=FMT  \\$a  BK
=040  \\$aUkCU$beng$cUkCU$dUk
=245  00$aRonda :$bNueva relacion de una cuestion que han tenido dos jóvenes en la ciudad de Salamanca, à las doce de la noche, por los amores de una doncella : uno de ellos conocido por el Navarro, y el otro de la referida ciudad, y la victoria que alcanzò el indicado Navarro en el conbate.
=260  \\$aPamplona :$bImp. de Huarte a cargo de Espada, San Nicolás 17,$c1859.
=300  \\$a1 online resource
=336  \\$atext$2rdacontent
=337  \\$acomputer$2rdamedia
=338  \\$aonline resources$2rdacarrier
=500  \\$aText printed in two columns.
=500  \\$aIn verse.
=500  \\$aTwo separate illustrations at head of title.
=500  \\$aCaption title.
=500  \\$aImprint from colophon.
=505  0\$aVersos que canta el Navarro á la hermosa Dolores -- Canciones que repite la noche siguiente el Navarro á su dama -- Letrillas amorosas que dijo un jóven andaluz á una dama en el paseo.
=599  \\$aItem no. T91 in volume 1074.g.24.$5Uk
=533  \\$aElectronic Reproduction$bLondon$cBritish Library$d2012$nItem no. T91 in volume 1074.g.24.$5Uk
=650  \0$aCourtship.
=650  \0$aSongs, Spanish$vTexts.
=650  \4$aCortejo amoroso.
=653  \0$aCanciones españolas--Textos.
=655  \7$aChapbooks$zSpain.$2rbgenr
=662  \\$aSpain$dSalamanca$2lcsh-naf
=752  \\$aSpain$dPamplona.
=856  40$uhttp://cudl.lib.cam.ac.uk/view/PR-01074-G-00024-00091$yCambridge Digital Library
=859  \\$aXLD$bCambridge Digital Library
=CAT  \\$aWR14_159$b00$c20141016$lBLL01$h1656
=CAT  \\$aWR14_181$c20150323$lBLL01$h1403
=CAT  \\$aW1606-1753$c20171028$lBLL01$h1604
=SRC  \\$aBLWrongdoing
=LAS  \\$aW1606-1753$b00$c20171028$lBLL01$h1604

