=LDR  01475 am a2200433 a 4500
=001  016894510
=003  Uk
=005  20131129170336.0
=006  m\\\\||\\d\|\\\\\\
=007  cr\|||||||||||
=008  131129s1852\\\\sp\a\\\\o\\\\\000\0\spa\d
=FMT  \\$a  BK
=040  \\$aUkCU$beng$cUkCU$dUk
=245  00$aEstados de las mugeres.
=260  \\$aReus :$bImp. de Juan B. Vidal, calle Mayor,$c1852.
=300  \\$a1 online resource
=336  \\$atext$2rdacontent
=337  \\$acomputer$2rdamedia
=338  \\$aonline resources$2rdacarrier
=500  \\$aText printed in two columns.
=500  \\$aIn verse.
=500  \\$aIllustration at head of title.
=500  \\$aCaption title.
=500  \\$aImprint from colophon.
=500  \\$a"Núm. 34."
=505  0\$aVida de las doncellas -- Vida de las casadas -- Vida de las viudas.
=599  \\$aItem no. T93 in volume 1074.g.24.$5Uk
=533  \\$aElectronic Reproduction$bLondon$cBritish Library$d2012$nItem no. T93 in volume 1074.g.24.$5Uk
=650  \0$aWomen.
=650  \4$aMujeres.
=655  \7$aChapbooks$zSpain.$2rbgenr
=752  \\$aSpain$dReus.
=856  40$uhttp://cudl.lib.cam.ac.uk/view/PR-01074-G-00024-00093$yCambridge Digital Library
=859  \\$aXLD$bCambridge Digital Library
=CAT  \\$aWR14_159$b00$c20141016$lBLL01$h1656
=CAT  \\$aWR14_181$c20150323$lBLL01$h1403
=CAT  \\$aW1606-1753$c20171028$lBLL01$h1604
=SRC  \\$aBLWrongdoing
=LAS  \\$aW1606-1753$b00$c20171028$lBLL01$h1604

