=LDR  01621 am a2200433 a 4500
=001  016894517
=003  Uk
=005  20131202170343.0
=006  m\\\\||\\d\|\\\\\\
=007  cr\|||||||||||
=008  131202q18231851sp\a\\\\o\\\\\000\0\spa\d
=FMT  \\$a  BK
=040  \\$aUkCU$beng$cUkCU$dUk
=245  00$aPapel nuevo en que se declara un maravilloso caso que acaba de suceder en un pueblo llamado Buelva, arzobispado de Sevilla, dia 5 de junio de 1830.
=260  \\$aCon licencia en Sevilla :$bImprenta de Don Mariano Caro,$c[between 1823 and 1851?]
=300  \\$a1 online resource
=336  \\$atext$2rdacontent
=337  \\$acomputer$2rdamedia
=338  \\$aonline resources$2rdacarrier
=500  \\$aIn prose.
=500  \\$aIllustration at head of title.
=500  \\$aCaption title.
=500  \\$aImprint from colophon.
=599  \\$aItem no. T100 in volume 1074.g.24.$5Uk
=533  \\$aElectronic Reproduction$bLondon$cBritish Library$d2012$nItem no. T100 in volume 1074.g.24.$5Uk
=650  \0$aMiracles.
=650  \0$aDevotional literature, Spanish.
=650  \4$aMilagros.
=650  \4$aLiteratura española devocional.
=655  \7$aChapbooks$zSpain.$2rbgenr
=662  \\$aSpain$dSeville$2lcsh-naf
=752  \\$aSpain$dSeville.
=856  40$uhttp://cudl.lib.cam.ac.uk/view/PR-01074-G-00024-00100$yCambridge Digital Library
=859  \\$aXLD$bCambridge Digital Library
=CAT  \\$aWR14_159$b00$c20141016$lBLL01$h1656
=CAT  \\$aWR14_181$c20150323$lBLL01$h1403
=CAT  \\$aW1606-1753$c20171028$lBLL01$h1604
=SRC  \\$aBLWrongdoing
=LAS  \\$aW1606-1753$b00$c20171028$lBLL01$h1604

