=LDR  01819 am a2200457 a 4500
=001  016894518
=003  Uk
=005  20131202171803.0
=006  m\\\\||\\d\|\\\\\\
=007  cr\|||||||||||
=008  131202s1845\\\\sp\a\\\\o\\\\\000\0\spa\d
=FMT  \\$a  BK
=040  \\$aUkCU$beng$cUkCU$dUk
=245  00$aPapel nuevo en el que vá declarando lo que ha sucedido á un pecador en este presente año en la ciudad de Granada :$bpor ser un hombre ingrato y de mala vida fué seducido por los demonios, siendo su protectora Maria Santisima de las Angustias : con lo demas que verá el curioso lector.
=260  \\$aSevilla :$bImprenta de la calle de la Cabra,$cMayo de 1845$e(Reimpreso en Motril :$fPor Servaty Hermanos)
=300  \\$a1 online resource
=336  \\$atext$2rdacontent
=337  \\$acomputer$2rdamedia
=338  \\$aonline resources$2rdacarrier
=500  \\$aIn prose.
=500  \\$aIllustration at head of title.
=500  \\$aCaption title.
=500  \\$aImprint from colophon.
=599  \\$aItem no. T101 in volume 1074.g.24.$5Uk
=533  \\$aElectronic Reproduction$bLondon$cBritish Library$d2012$nItem no. T101 in volume 1074.g.24.$5Uk
=650  \0$aJudgment of God.
=650  \0$aChristianity and justice.
=650  \0$aSin.
=650  \4$aPecado.
=650  \4$aDemonio.
=653  \0$aJusticia divina.
=655  \7$aChapbooks$zSpain.$2rbgenr
=662  \\$aSpain$dGranada$2lcsh-naf
=752  \\$aSpain$dSeville.
=856  40$uhttp://cudl.lib.cam.ac.uk/view/PR-01074-G-00024-00101$yCambridge Digital Library
=859  \\$aXLD$bCambridge Digital Library
=CAT  \\$aWR14_159$b00$c20141016$lBLL01$h1656
=CAT  \\$aWR14_181$c20150323$lBLL01$h1403
=CAT  \\$aW1606-1753$c20171028$lBLL01$h1604
=SRC  \\$aBLWrongdoing
=LAS  \\$aW1606-1753$b00$c20171028$lBLL01$h1604

