=LDR  02105 am a2200517 a 4500
=001  016894519
=003  Uk
=005  20131202172614.0
=006  m\\\\||\\d\|\\\\\\
=007  cr\|||||||||||
=008  131202s1844\\\\sp\a\\\\o\\\\\000\0\spa\d
=FMT  \\$a  BK
=040  \\$aUkCU$beng$cUkCU$dUk
=245  00$aCarta de Pedro Chinchon a su amigo Paco Gil :$bCuriosa sátira en la que un amigo le pide á otro su parecer, si debe casarse ó sentar plaza de soldado, manifestando los cuarenta y ocho motivos que tienen los hombres para casarse, y los treinta y seis para no casarse : primera parte.
=246  30$aCuriosa sátira en la que un amigo le pide á otro su parecer
=260  \\$aTeruel :$bImprenta y libreria de D. Juan Garcia,$cAño 1844.
=300  \\$a1 online resource
=336  \\$atext$2rdacontent
=337  \\$acomputer$2rdamedia
=338  \\$aonline resources$2rdacarrier
=500  \\$aText printed in two columns.
=500  \\$aIn verse.
=500  \\$aTwo separate illustrations at head of title.
=500  \\$aCaption title.
=500  \\$aImprint from colophon.
=500  \\$a"Núm. 1."
=500  \\$aIn two parts.
=599  \\$aItem no. T102 in volume 1074.g.24.$5Uk
=533  \\$aElectronic Reproduction$bLondon$cBritish Library$d2012$nItem no. T102 in volume 1074.g.24.$5Uk
=650  \4$aPedro Chinchon (Fictitious character)
=650  \4$aPaco Gil (Fictitious character)
=650  \0$aSatire, Spanish.
=650  \0$aMarriage$xSocial aspects.
=650  \4$aSátira española.
=650  \4$aMatrimonio$xAspectos sociales.
=653  \1$aPedro Chinchon (Personaje ficticio)
=653  \1$aPaco Gil (Personaje ficticio)
=655  \7$aChapbooks$zSpain.$2rbgenr
=752  \\$aSpain$dTeruel.
=856  40$uhttp://cudl.lib.cam.ac.uk/view/PR-01074-G-00024-00102$yCambridge Digital Library
=859  \\$aXLD$bCambridge Digital Library
=CAT  \\$aWR14_159$b00$c20141016$lBLL01$h1656
=CAT  \\$aWR14_181$c20150323$lBLL01$h1403
=CAT  \\$aW1606-1753$c20171028$lBLL01$h1604
=SRC  \\$aBLWrongdoing
=LAS  \\$aW1606-1753$b00$c20171028$lBLL01$h1604

