=LDR  01824 am a2200529 a 4500
=001  016894520
=003  Uk
=005  20131204124248.0
=006  m\\\\||\\d\|\\\\\\
=007  cr\|||||||||||
=008  131204s1844\\\\sp\a\\\\o\\\\\000\0\spa\d
=FMT  \\$a  BK
=040  \\$aUkCU$beng$cUkCU$dUk
=245  00$aRomance nuevo de Da. Serafina Alcazar, o, El hallazgo del cadaver
=246  30$aHallazgo del cadaver
=260  \\$aTeruel :$bImprenta y libreria de D. Juan Garcia ...,$cAño 1844.
=300  \\$a1 online resource
=336  \\$atext$2rdacontent
=337  \\$acomputer$2rdamedia
=338  \\$aonline resources$2rdacarrier
=500  \\$aText printed in two columns.
=500  \\$aIn verse.
=500  \\$aIllustration at head of title.
=500  \\$aCaption title.
=500  \\$aImprint from colophon.
=500  \\$a"Núm. 9."
=599  \\$aItem no. T103 in volume 1074.g.24.$5Uk
=533  \\$aElectronic Reproduction$bLondon$cBritish Library$d2012$nItem no. T103 in volume 1074.g.24.$5Uk
=650  \4$aSerafina Alcázar (Fictitious character)
=650  \0$aParricide.
=650  \0$aBrigands and robbers.
=650  \0$aViolent crimes.
=650  \4$aParricidio.
=650  \4$aBandoleros.
=650  \4$aDelitos violentos.
=653  \1$aSerafina Alcázar (Personaje ficticio)
=655  \7$aChapbooks$zSpain.$2rbgenr
=662  \\$aSpain$dVitoria$2lcsh-naf
=662  \\$aSpain$dVizcaya$2lcsh-naf
=752  \\$aSpain$dTeruel.
=856  40$uhttp://cudl.lib.cam.ac.uk/view/PR-01074-G-00024-00103$yCambridge Digital Library
=859  \\$aXLD$bCambridge Digital Library
=CAT  \\$aWR14_159$b00$c20141016$lBLL01$h1656
=CAT  \\$aWR14_181$c20150323$lBLL01$h1403
=CAT  \\$aW1606-1753$c20171028$lBLL01$h1604
=SRC  \\$aBLWrongdoing
=LAS  \\$aW1606-1753$b00$c20171028$lBLL01$h1604

