=LDR  01955 am a2200493 a 4500
=001  016894526
=003  Uk
=005  20131204153233.0
=006  m\\\\||\\d\|\\\\\\
=007  cr\|||||||||||
=008  131204s1844\\\\sp\a\\\\o\\\\\000\0\spa\d
=FMT  \\$a  BK
=040  \\$aUkCU$beng$cUkCU$dUk
=245  00$aNueva relacion en que se refieren los horrorosos asesinatos que cometió Manuel Zapater, criado de la casa de D. José Pueyo, el dia 23 de marzo de 1843 :$by castigo que sufrió por su crimen en 7 de abril del mismo año perdiendo su vida en garrote vil.
=260  \\$aTeruel :$bEs propiedad de D. Juan Garcia ... libreria sita en la plaza del mercado de Teruel,$cAño 1844.
=300  \\$a1 online resource
=336  \\$atext$2rdacontent
=337  \\$acomputer$2rdamedia
=338  \\$aonline resources$2rdacarrier
=500  \\$aText printed in two columns.
=500  \\$aIn verse.
=500  \\$aTwo separate illustrations at head of title.
=500  \\$aCaption title.
=500  \\$aImprint from colophon.
=500  \\$a"Núm. 27."
=599  \\$aItem no. T109 in volume 1074.g.24.$5Uk
=533  \\$aElectronic Reproduction$bLondon$cBritish Library$d2012$nItem no. T109 in volume 1074.g.24.$5Uk
=650  \4$aManuel Zapater (Fictitious character)
=650  \0$aMurder.
=650  \0$aCapital punishment.
=650  \4$aAsesinato.
=650  \4$aPena de muerte.
=650  \4$aServicio doméstico.
=653  \1$aJosé Pueyo (Personaje ficticio)
=655  \7$aChapbooks$zSpain.$2rbgenr
=662  \\$aSpain$dZaragoza$2lcsh-naf
=752  \\$aSpain$dTeruel.
=856  40$uhttp://cudl.lib.cam.ac.uk/view/PR-01074-G-00024-00109$yCambridge Digital Library
=859  \\$aXLD$bCambridge Digital Library
=CAT  \\$aWR14_159$b00$c20141016$lBLL01$h1656
=CAT  \\$aWR14_181$c20150323$lBLL01$h1403
=CAT  \\$aW1606-1753$c20171028$lBLL01$h1604
=SRC  \\$aBLWrongdoing
=LAS  \\$aW1606-1753$b00$c20171028$lBLL01$h1604

