=LDR  01592 am a2200445 a 4500
=001  016894527
=003  Uk
=005  20150225122033.0
=006  m\\\\||\\d\|\\\\\\
=007  cr\|||||||||||
=008  131204s1844\\\\sp\a\\\\o\\\\\000\0\spa\d
=FMT  \\$a  BK
=040  \\$aUkCU$beng$cUkCU$dUk
=245  00$aDon Candido, o, El hombre de siete mugeres.
=246  33$aHombre de siete mugeres
=260  \\$aTeruel :$bEs propiedad de D. Juan Garcia ... libreria sita en la plaza del mercado de Teruel,$cAño 1844.
=300  \\$a1 online resource
=336  \\$atext$2rdacontent
=337  \\$acomputer$2rdamedia
=338  \\$aonline resources$2rdacarrier
=500  \\$aText printed in two columns.
=500  \\$aIn verse.
=500  \\$aIllustration at head of title.
=500  \\$aCaption title.
=500  \\$aImprint from colophon.
=500  \\$a"Núm. 34"
=599  \\$aItem no. T110 in volume 1074.g.24.$5Uk
=533  \\$aElectronic Reproduction$bLondon$cBritish Library$d2012$nItem no. T110 in volume 1074.g.24.$5Uk
=650  \0$aMan-woman relationships.
=650  \4$aRelaciones hombre-mujer.
=655  \7$aChapbooks$zSpain.$2rbgenr
=752  \\$aSpain$dTeruel.
=856  40$uhttp://cudl.lib.cam.ac.uk/view/PR-01074-G-00024-00110$yCambridge Digital Library
=859  \\$aXLD$bCambridge Digital Library
=CAT  \\$aWR14_159$b00$c20141016$lBLL01$h1656
=CAT  \\$a2833$b40$c20150225$lBLL01$h1220
=CAT  \\$aWR14_181$c20150323$lBLL01$h1403
=CAT  \\$aW1606-1753$c20171028$lBLL01$h1604
=SRC  \\$aBLWrongdoing
=LAS  \\$aW1606-1753$b00$c20171028$lBLL01$h1604

