=LDR  02118 am a2200505 a 4500
=001  016894529
=003  Uk
=005  20131204161238.0
=006  m\\\\||\\d\|\\\\\\
=007  cr\|||||||||||
=008  131204s1845\\\\sp\a\\\\o\\\\\000\0\spa\d
=FMT  \\$a  BK
=040  \\$aUkCU$beng$cUkCU$dUk
=245  00$aRelacion histórica de la vida, travesuras y muerte de Marica la Buñuelera, criada por una loba en una cueva de las Alpujarras :$bcon otras particularidades que verá el que leyere : parte primera.
=260  \\$aTeruel :$bImprenta de D. Juan Garcia ...,$cAño 1845.
=300  \\$a1 online resource
=336  \\$atext$2rdacontent
=337  \\$acomputer$2rdamedia
=338  \\$aonline resources$2rdacarrier
=500  \\$aText printed in two columns.
=500  \\$aIn verse.
=500  \\$aIllustration at head of title.
=500  \\$aCaption title.
=500  \\$aImprint from colophon.
=500  \\$a"Núm. 42."
=500  \\$aIn two parts. Part two has title: "Segunda parte de la relacion histórica de la vida, travesuras y muerte de Marica la Buñuelera, criada en una cueva cueva de las Alpujarras : con otras particularidades que verá el que leyere."
=599  \\$aItem no. T112 in volume 1074.g.24.$5Uk
=533  \\$aElectronic Reproduction$bLondon$cBritish Library$d2012$nItem no. T112 in volume 1074.g.24.$5Uk
=650  \0$aBrigands and robbers.
=650  \0$aWolves.
=650  \4$aBandoleros.
=650  \4$aLobos.
=650  \4$aAncianas.
=655  \7$aChapbooks$zSpain.$2rbgenr
=662  \\$aSpain$gAlpujarras$2lcsh-naf
=662  \\$aSpain$dGranada$2lcsh-naf
=740  02$aSegunda parte de la relacion histórica de la vida, travesuras y muerte de Marica la Buñuelera.
=752  \\$aSpain$dTeruel.
=856  40$uhttp://cudl.lib.cam.ac.uk/view/PR-01074-G-00024-00112$yCambridge Digital Library
=859  \\$aXLD$bCambridge Digital Library
=CAT  \\$aWR14_159$b00$c20141016$lBLL01$h1656
=CAT  \\$aWR14_181$c20150323$lBLL01$h1403
=CAT  \\$aW1606-1753$c20171028$lBLL01$h1604
=SRC  \\$aBLWrongdoing
=LAS  \\$aW1606-1753$b00$c20171028$lBLL01$h1604

