=LDR  02632 am a2200553 a 4500
=001  016894530
=003  Uk
=005  20131205174822.0
=006  m\\\\||\\d\|\\\\\\
=007  cr\|||||||||||
=008  131205q18341866sp\a\\\\o\\\\\000\0\spa\\
=FMT  \\$a  BK
=040  \\$aUkCU$beng$cUkCU$dUk
=245  00$aCelinda y Don Antonio Moreno :$bRefiérese el cautiverio de éste y las amorosas ternezas de ésta argelina : y como la redujo á nuestra santa Fé, declarándole el nacimiento y muerte de Mahoma : primera parte.
=246  30$aRefiérese el cautiverio de éste y las amorosas proezas de ésta argelina
=260  \\$aValladolid :$bImprenta de D. Julian Pastor,$c[between 1834 and 1866]
=300  \\$a1 online resource
=336  \\$atext$2rdacontent
=337  \\$acomputer$2rdamedia
=338  \\$aonline resources$2rdacarrier
=500  \\$aText printed in two columns.
=500  \\$aIn verse.
=500  \\$aThree separate illustrations at head of title; second part with additional illustration at head of title.
=500  \\$aCaption title.
=500  \\$aImprint from colophon.
=500  \\$a"Núm. 76."
=500  \\$aIn two parts. Part two has title: "Celinda y Don Antonio Moreno: declárase como esta argelina se redujo á nuestra santa Fé, por haberle el cristiano explicado quien es el verdadero Dios, y como se bautizó, y se casó con el cristiano: refierese como se vinieron á España, trayéndose á su padre, el cual se hizo tambien cristiano: segunda parte."
=599  \\$aItem no. T113 in volume 1074.g.24.$5Uk
=533  \\$aElectronic Reproduction$bLondon$cBritish Library$d2012$nItem no. T113 in volume 1074.g.24.$5Uk
=650  \0$aChristianity and other religions$xIslam.
=650  \0$aIslam$xRelations$xChristianity.
=650  \0$aConversion$xChristianity.
=650  \4$aCristianismo y otras religiones$xIslamismo.
=650  \4$aIslamismo$xRelaciones$xCristianismo.
=650  \4$aConversión religiosa$xCristianismo.
=650  \4$aAntonio Moreno (Fictitious character)
=653  \1$aAntonio Moreno (Personaje ficticio)
=650  \4$aCautivos.
=655  \7$aChapbooks$zSpain.$2rbgenr
=662  \\$aSpain$dToledo$2lcsh-naf
=662  \\$aAlgeria$2lcsh-naf
=752  \\$aSpain$dValladolid.
=856  40$uhttp://cudl.lib.cam.ac.uk/view/PR-01074-G-00024-00113$yCambridge Digital Library
=859  \\$aXLD$bCambridge Digital Library
=CAT  \\$aWR14_159$b00$c20141016$lBLL01$h1656
=CAT  \\$aWR14_181$c20150323$lBLL01$h1403
=CAT  \\$aW1606-1753$c20171028$lBLL01$h1604
=SRC  \\$aBLWrongdoing
=LAS  \\$aW1606-1753$b00$c20171028$lBLL01$h1604

