=LDR  02169 am a2200505 a 4500
=001  016894532
=003  Uk
=005  20131205180921.0
=006  m\\\\||\\d\|\\\\\\
=007  cr\|||||||||||
=008  131205q18191900sp\\\\\\o\\\\\000\0\spa\d
=FMT  \\$a  BK
=040  \\$aUkCU$beng$cUkCU$dUk
=245  00$aEl maltés en Madrid :$bPrimera parte, en la que se dá cuenta y declara una prision que se hizo en la corte de Madrid de tres hombres y dos mugeres, que habian dado muerte á muchas personas, de las cuales algunas se hallaron en sal, y otras consumidas : y como se descubrió por un caballero maltés, con quien querian egecutar lo mismo : con todo lo demas que verá el curioso lector.
=260  \\$aValladolid :$bImprenta de Santaren,$c[between 1819 and 1900?]
=300  \\$a1 online resource
=336  \\$atext$2rdacontent
=337  \\$acomputer$2rdamedia
=338  \\$aonline resources$2rdacarrier
=500  \\$aText printed in three columns.
=500  \\$aIn verse.
=500  \\$aCaption title.
=500  \\$aImprint from colophon.
=500  \\$a"(Núm. 142.)"
=500  \\$aIn two parts. Part two has title: "Segunda parte del maltés en Madrid."
=599  \\$aItem no. T115 in volume 1074.g.24.$5Uk
=599  \\$aThe pliego, consisting of 4 pages, appears in duplicate.$5Uk
=533  \\$aElectronic Reproduction$bLondon$cBritish Library$d2012$nItem no. T115 in volume 1074.g.24.$nThe pliego, consisting of 4 pages, appears in duplicate.$5Uk
=650  \0$aMurder.
=650  \0$aInquisition.
=650  \0$aHeresy.
=650  \4$aAsesinato.
=650  \4$aInquisición.
=650  \4$aHerejía.
=655  \7$aChapbooks$zSpain.$2rbgenr
=662  \\$aSpain$dMadrid$2lcsh-naf
=740  02$aSegunda parte del maltés en Madrid.
=752  \\$aSpain$dMálaga.
=856  40$uhttp://cudl.lib.cam.ac.uk/view/PR-01074-G-00024-00115$yCambridge Digital Library
=859  \\$aXLD$bCambridge Digital Library
=CAT  \\$aWR14_159$b00$c20141016$lBLL01$h1656
=CAT  \\$aWR14_181$c20150323$lBLL01$h1403
=CAT  \\$aW1606-1753$c20171028$lBLL01$h1604
=SRC  \\$aBLWrongdoing
=LAS  \\$aW1606-1753$b00$c20171028$lBLL01$h1604

