=LDR  01810 am a2200493 a 4500
=001  016894533
=003  Uk
=005  20131205181812.0
=006  m\\\\||\\d\|\\\\\\
=007  cr\|||||||||||
=008  131205q18191900sp\a\\\\o\\\\\000\0\spa\d
=FMT  \\$a  BK
=040  \\$aUkCU$beng$cUkCU$dUk
=245  00$aRomance nuevo :$bEl robo de la virtuosa Dorotea y lo ocurrido por una tempestad en el bosque.
=246  30$aRobo de la virtuosa Dorotea
=246  30$aDe la virtuosa Dorotea
=260  \\$aValladolid :$bImprenta de Santaren,$c[between 1819 and 1900?]
=300  \\$a1 online resource
=336  \\$atext$2rdacontent
=337  \\$acomputer$2rdamedia
=338  \\$aonline resources$2rdacarrier
=500  \\$aText printed in two columns.
=500  \\$aIn verse.
=500  \\$aIllustration at head of title.
=500  \\$aCaption title.
=500  \\$aImprint from colophon.
=599  \\$aItem no. T117 in volume 1074.g.24.$5Uk
=533  \\$aElectronic Reproduction$bLondon$cBritish Library$d2012$nItem no. T117 in volume 1074.g.24.$5Uk
=650  \0$aBrigands and robbers.
=650  \4$aBandoleros.
=650  \4$aDiego de Acebedo (Fictitious character)
=650  \4$aDorotea Acebedo (Fictitious character)
=653  \1$aDiego de Acebedo (Personaje ficticio)
=653  \1$aDorotea Acebedo (Personaje ficticio)
=655  \7$aChapbooks$zSpain.$2rbgenr
=662  \\$aSpain$dToledo$2lcsh-naf
=752  \\$aSpain$dValladolid.
=856  40$uhttp://cudl.lib.cam.ac.uk/view/PR-01074-G-00024-00117$yCambridge Digital Library
=859  \\$aXLD$bCambridge Digital Library
=CAT  \\$aWR14_159$b00$c20141016$lBLL01$h1656
=CAT  \\$aWR14_181$c20150323$lBLL01$h1403
=CAT  \\$aW1606-1753$c20171028$lBLL01$h1604
=SRC  \\$aBLWrongdoing
=LAS  \\$aW1606-1753$b00$c20171028$lBLL01$h1604

