=LDR  02083 am a2200517 a 4500
=001  016894534
=003  Uk
=005  20131205183236.0
=006  m\\\\||\\d\|\\\\\\
=007  cr\|||||||||||
=008  131205q18191900sp\a\\\\o\\\\\000\0\spa\d
=FMT  \\$a  BK
=040  \\$aUkCU$beng$cUkCU$dUk
=245  03$a: primera parte.
=246  30$aNueva y curiosa relacion, en la que se refieren los amores de Don Fadrique y Don José de Alvara
=260  \\$aSantander :$bImprenta de Dámaso Santaren,$c[between 1819 and 1900?]
=300  \\$a1 online resource
=336  \\$atext$2rdacontent
=337  \\$acomputer$2rdamedia
=338  \\$aonline resources$2rdacarrier
=500  \\$aText printed in three columns.
=500  \\$aIn verse.
=500  \\$aTwo separate illustrations at head of title.
=500  \\$aCaption title.
=500  \\$aImprint from colophon.
=500  \\$aIn two parts. Part two has title: "Segunda parte en la cual se refiere como Don Fadrique le entregó el alma al demonio, por gozar de Doña Constanza y siendo libre por intercesion de la Virgen Santísima del Rosario, se casó al fin con Doña Teodosia."
=599  \\$aItem no. T119 in volume 1074.g.24.$5Uk
=533  \\$aElectronic Reproduction$bLondon$cBritish Library$d2012$nItem no. T119 in volume 1074.g.24.$5Uk
=650  \0$aFratricide.
=650  \0$aCourtship.
=650  \4$aFratricidio.
=650  \4$aCortejo amoroso.
=650  \4$aDemonio.
=650  \4$aBodas.
=655  \7$aChapbooks$zSpain.$2rbgenr
=662  \\$aPortugal$dLisbon$2lcsh-naf
=662  \\$aItaly$2lcsh-naf
=740  02$aSegunda parte en la cual se refiere como Don Fadrique le entregó el alma al demonio.
=752  \\$aSpain$dValladolid.
=856  40$uhttp://cudl.lib.cam.ac.uk/view/PR-01074-G-00024-00119$yCambridge Digital Library
=859  \\$aXLD$bCambridge Digital Library
=CAT  \\$aWR14_159$b00$c20141016$lBLL01$h1656
=CAT  \\$aWR14_181$c20150323$lBLL01$h1403
=CAT  \\$aW1606-1753$c20171028$lBLL01$h1604
=SRC  \\$aBLWrongdoing
=LAS  \\$aW1606-1753$b00$c20171028$lBLL01$h1604

