=LDR  01889 am a2200505 a 4500
=001  016894537
=003  Uk
=005  20140729093133.0
=006  m\\\\||\\d\|\\\\\\
=007  cr\|||||||||||
=008  131206s1843\\\\sp\a\\\\o\\\\\000\0\spa\d
=FMT  \\$a  BK
=040  \\$aUkCU$beng$cUkCU$dUk
=245  00$aNuevo y curioso romance en que se declaran las virtudes del dia á lo divino :$bprimera parte.
=260  \\$aValladolid :$bImprenta de Santaren ,$c1843.
=300  \\$a1 online resource
=336  \\$atext$2rdacontent
=337  \\$acomputer$2rdamedia
=338  \\$aonline resources$2rdacarrier
=500  \\$aText printed in two columns.
=500  \\$aIn verse.
=500  \\$aIllustration at head of title; second part with additional illustration at head of title.
=500  \\$aCaption title.
=500  \\$aImprint from colophon.
=500  \\$aIn two parts. Part two has title: Segunda parte, en que se declara las virtudes de la noche á lo divino.
=599  \\$aItem no. T122 in volume 1074.g.24.$5Uk
=533  \\$aElectronic Reproduction$bLondon$cBritish Library$d2012$nItem no. T122 in volume 1074.g.24.$5Uk
=600  00$aGod (Christianity)$xOmnipotence.
=600  04$aDios$xOmnipotencia.
=600  00$aJesus Christ.
=600  04$aJesucristo.
=650  \0$aDay.
=650  \0$aNight
=650  \4$aDía.
=650  \4$aNoche.
=655  \7$aChapbooks$zSpain.$2rbgenr
=740  02$aSegunda parte en que se declara las virtudes de la noche á lo divino.
=752  \\$aSpain$dValladolid.
=856  40$uhttp://cudl.lib.cam.ac.uk/view/PR-01074-G-00024-00122$yCambridge Digital Library
=859  \\$aXLD$bCambridge Digital Library
=CAT  \\$aWR14_159$b00$c20141016$lBLL01$h1656
=CAT  \\$aWR14_181$c20150323$lBLL01$h1403
=CAT  \\$aW1606-1753$c20171028$lBLL01$h1604
=SRC  \\$aBLWrongdoing
=LAS  \\$aW1606-1753$b00$c20171028$lBLL01$h1604

