=LDR  02475 am a2200493 a 4500
=001  016894538
=003  Uk
=005  20131206105400.0
=006  m\\\\||\\d\|\\\\\\
=007  cr\|||||||||||
=008  131206s1844\\\\sp\a\\\\o\\\\\000\0\spa\d
=FMT  \\$a  BK
=040  \\$aUkCU$beng$cUkCU$dUk
=245  00$aDon Diego de Peñalosa y Doña María Leonarda :$bprimera parte de los amorosos sucesos e historia de estos dos finos amantes : se dá cuenta como el padre de Leonarda, porque no se casase con Don Diego, la llevó á un monte, y la dejó amarrada á un árbol : con lo demás que verá el curioso.
=246  30$aPrimera parte de los amorosos sucesos e historia de estos dos finos amantes
=260  \\$aValladolid :$bImprenta de Dámaso Santaren,$c1844.
=300  \\$a1 online resource
=336  \\$atext$2rdacontent
=337  \\$acomputer$2rdamedia
=338  \\$aonline resources$2rdacarrier
=500  \\$aText printed in two columns.
=500  \\$aIn verse.
=500  \\$aTwo separate illustrations incorporated within title; second part with additional illustration at head of title.
=500  \\$aCaption title.
=500  \\$aImprint from colophon.
=500  \\$aIn two parts. Part two has title: Don Diego de Peñalosa y Doña María Leonarda : relacion de los amorosos sucesos y trágica historia de estos dos amantes : dáse cuenta de como don Diego halló á Doña María en el monte, donde la dejó su padre amarrada á un arbol : con lo demas que verá el curioso : segunda parte.
=599  \\$aItem no. T123 in volume 1074.g.24.$5Uk
=533  \\$aElectronic Reproduction$bLondon$cBritish Library$d2012$nItem no. T123 in volume 1074.g.24.$5Uk
=650  \0$aArranged marriage.
=650  \4$aDiego de Peñalosa (Fictitious character)
=650  \4$aMaría Leonarda (Fictitious character)
=650  \4$aMatrimonio arreglado.
=653  \1$aDiego de Peñalosa (Personaje ficticio)
=653  \1$aMaría Leonarda (Personaje ficticio)
=655  \7$aChapbooks$zSpain.$2rbgenr
=662  \\$aSpain$dZaragoza$2lcsh-naf
=752  \\$aSpain$dValladolid.
=856  40$uhttp://cudl.lib.cam.ac.uk/view/PR-01074-G-00024-00123$yCambridge Digital Library
=859  \\$aXLD$bCambridge Digital Library
=CAT  \\$aWR14_159$b00$c20141016$lBLL01$h1656
=CAT  \\$aWR14_181$c20150323$lBLL01$h1403
=CAT  \\$aW1606-1753$c20171028$lBLL01$h1604
=SRC  \\$aBLWrongdoing
=LAS  \\$aW1606-1753$b00$c20171028$lBLL01$h1604

