=LDR  02198 am a2200481 a 4500
=001  016894539
=003  Uk
=005  20131206110222.0
=006  m\\\\||\\d\|\\\\\\
=007  cr\|||||||||||
=008  131206s1844\\\\sp\a\\\\o\\\\\000\0\spa\d
=FMT  \\$a  BK
=040  \\$aUkCU$beng$cUkCU$dUk
=245  00$aNueva y curiosa relacion en que se dá cuenta y declara el admirable portento y maravilloso nacimiento del glorioso y bienaventurado San Albano, príncipe del reino de Ungría :$bDe San Albano : primera parte.
=246  30$aDe San Albano
=260  \\$aValladolid :$bImprenta de Dámaso Santaren,$c1844.
=300  \\$a1 online resource
=336  \\$atext$2rdacontent
=337  \\$acomputer$2rdamedia
=338  \\$aonline resources$2rdacarrier
=500  \\$aText printed in two columns.
=500  \\$aIn verse.
=500  \\$aThree separate illustrations incorporated within title; second part with additional illustration at head of title.
=500  \\$aCaption title.
=500  \\$aImprint from colophon.
=500  \\$aIn two parts. Part two has title: "Segunda parte : Verdadera relacion en que se refiere y declara el fin de los maravillosos sucesos del bienaventurado S. Albano, príncipe de Ungría, su áspera y rigurosa penitencia, santa y dichosa muerte."
=599  \\$aItem no. T124 in volume 1074.g.24.$5Uk
=533  \\$aElectronic Reproduction$bLondon$cBritish Library$d2012$nItem no. T124 in volume 1074.g.24.$5Uk
=650  \0$aIncest.
=650  \4$aIncesto.
=650  04$aSan Albano (Fictitious character)
=653  \1$aSan Albano (Personaje ficticio)
=655  \7$aChapbooks$zSpain.$2rbgenr
=662  \\$aHungary$2lcsh-naf
=740  02$aVerdadera relacion en que se refiere y declara el fin de los maravillosos sucesos del bienaventurado S. Albano.
=752  \\$aSpain$dValladolid.
=856  40$uhttp://cudl.lib.cam.ac.uk/view/PR-01074-G-00024-00124$yCambridge Digital Library
=859  \\$aXLD$bCambridge Digital Library
=CAT  \\$aWR14_159$b00$c20141016$lBLL01$h1656
=CAT  \\$aWR14_181$c20150323$lBLL01$h1403
=CAT  \\$aW1606-1753$c20171028$lBLL01$h1604
=SRC  \\$aBLWrongdoing
=LAS  \\$aW1606-1753$b00$c20171028$lBLL01$h1604

