=LDR  02144 am a2200481 a 4500
=001  016894541
=003  Uk
=005  20131206112238.0
=006  m\\\\||\\d\|\\\\\\
=007  cr\|||||||||||
=008  131206s1854\\\\sp\a\\\\o\\\\\000\0\spa\d
=FMT  \\$a  BK
=040  \\$aUkCU$beng$cUkCU$dUk
=245  00$aSanta Rosalia, princesa de Palermo :$bRomance en el que se dá cuenta de la penitente vida de esta princesa, especial abogada contra la peste : primera parte.
=246  30$aRomance en el que se dá cuenta de la penitente vida de esta princesa
=260  \\$aValladolid :$bImprenta de D. Dámaso Santaren,$c1854.
=300  \\$a1 online resource
=336  \\$atext$2rdacontent
=337  \\$acomputer$2rdamedia
=338  \\$aonline resources$2rdacarrier
=500  \\$aText printed in two columns.
=500  \\$aIn verse.
=500  \\$aIllustration incorporated within title; second part with additional illustration at head of title.
=500  \\$aCaption title.
=500  \\$aImprint from colophon.
=500  \\$aIn two parts. Part two has title: "Segunda parte en que se refiere el resto de la penitente vida y la prodigiosa muerte de Santa Rosalía de Palermo."
=599  \\$aItem no. T126 in volume 1074.g.24.$5Uk
=533  \\$aElectronic Reproduction$bLondon$cBritish Library$d2012$nItem no. T126 in volume 1074.g.24.$5Uk
=600  00$aRosalia,$cSaint,$dd. 1160.
=650  \0$aChristian literature, Spanish.
=650  \4$aLiteratura religiosa española.
=653  \1$aSanta Rosalia, Santa, d. 1160.
=655  \7$aChapbooks$zSpain.$2rbgenr
=662  \\$aItaly$dPalermo$2lcsh-naf
=740  02$aSegunda parte en que se refiere el resto de la penitente vida y la prodigiosa muerte de Santa Rosalía de Palermo.
=752  \\$aSpain$dValladolid.
=856  40$uhttp://cudl.lib.cam.ac.uk/view/PR-01074-G-00024-00126$yCambridge Digital Library
=859  \\$aXLD$bCambridge Digital Library
=CAT  \\$aWR14_159$b00$c20141016$lBLL01$h1656
=CAT  \\$aWR14_181$c20150323$lBLL01$h1403
=CAT  \\$aW1606-1753$c20171028$lBLL01$h1604
=SRC  \\$aBLWrongdoing
=LAS  \\$aW1606-1753$b00$c20171028$lBLL01$h1604

