=LDR  01830 am a2200445 a 4500
=001  016894543
=003  Uk
=005  20131206121320.0
=006  m\\\\||\\d\|\\\\\\
=007  cr\|||||||||||
=008  131206s1856\\\\sp\a\\\\o\\\\\000\0\spa\d
=FMT  \\$a  BK
=040  \\$aUkCU$beng$cUkCU$dUk
=245  00$aSalutacion y deprecacion a San Roque.
=260  \\$aValladolid :$bImprenta de Dámaso Santaren,$c1856.
=300  \\$a1 online resource
=336  \\$atext$2rdacontent
=337  \\$acomputer$2rdamedia
=338  \\$aonline resources$2rdacarrier
=500  \\$aIn prose and verse.
=500  \\$aIllustration at head of title.
=500  \\$aCaption title.
=500  \\$aImprint from colophon.
=599  \\$aThe pliego, consisting of 2 pages, appears in duplicate (the illustration at head of title is different).$5Uk
=599  \\$aItem no. T128 in volume 1074.g.24.$5Uk
=533  \\$aElectronic Reproduction$bLondon$cBritish Library$d2012$nThe pliego, consisting of 2 pages, appears in duplicate (the illustration at head of title is different).$nItem no. T128 in volume 1074.g.24.$5Uk
=600  00$aRochus,$cSaint,$dapproximately 1350-approximately 1380.
=650  \0$aDevotional literature, Spanish.
=650  \4$aLiteratura española devocional.
=653  \1$aSan Roque, approximadamente 1350-approximadamente 1380.
=655  \7$aChapbooks$zSpain.$2rbgenr
=752  \\$aSpain$dValladolid.
=856  40$uhttp://cudl.lib.cam.ac.uk/view/PR-01074-G-00024-00128$yCambridge Digital Library
=859  \\$aXLD$bCambridge Digital Library
=CAT  \\$aWR14_159$b00$c20141016$lBLL01$h1656
=CAT  \\$aBATCH-UPD$b00$c20141016$lBLL01$h1711
=CAT  \\$aWR14_181$c20150323$lBLL01$h1403
=CAT  \\$aW1606-1753$c20171028$lBLL01$h1604
=SRC  \\$aBLWrongdoing
=LAS  \\$aW1606-1753$b00$c20171028$lBLL01$h1604

