=LDR  01910 am a2200457 a 4500
=001  016894544
=003  Uk
=005  20131206122139.0
=006  m\\\\||\\d\|\\\\\\
=007  cr\|||||||||||
=008  131206s1858\\\\sp\a\\\\o\\\\\000\0\spa\d
=FMT  \\$a  BK
=040  \\$aUkCU$beng$cUkCU$dUk
=245  00$aSanta Genoveva :$bPrimera parte en que se refiere la peregrina historia y trágica vida de la penitente anacoreta, la princesa de Bravante, sacada de la vida de la misma santa.
=260  \\$aValladolid :$bImprenta de Fernando Santaren,$c1858.
=300  \\$a1 online resource
=336  \\$atext$2rdacontent
=337  \\$acomputer$2rdamedia
=338  \\$aonline resources$2rdacarrier
=500  \\$aText printed in two columns.
=500  \\$aIn verse.
=500  \\$aIllustration incorporated within title.
=500  \\$aCaption title.
=500  \\$aImprint from colophon.
=500  \\$aIn two parts. Part two has title: "Segunda parte en que se da fin a la peregrina historia y trágica vida de Santa Genoveva."
=599  \\$aItem no. T129 in volume 1074.g.24.$5Uk
=533  \\$aElectronic Reproduction$bLondon$cBritish Library$d2012$nItem no. T129 in volume 1074.g.24.$5Uk
=650  \0$aGeneviève, of Brabant (Legendary character)
=650  \0$aRevenge.
=650  \4$aVenganza.
=653  \1$aGenoveva, de Brabante (Personaje legendario)
=655  \7$aChapbooks$zSpain.$2rbgenr
=740  02$aSegunda parte en que se da fin a la peregrina historia y trágica vida de Santa Genoveva.
=752  \\$aSpain$dValladolid.
=856  40$uhttp://cudl.lib.cam.ac.uk/view/PR-01074-G-00024-00129$yCambridge Digital Library
=859  \\$aXLD$bCambridge Digital Library
=CAT  \\$aWR14_159$b00$c20141016$lBLL01$h1656
=CAT  \\$aWR14_181$c20150323$lBLL01$h1403
=CAT  \\$aW1606-1753$c20171028$lBLL01$h1604
=SRC  \\$aBLWrongdoing
=LAS  \\$aW1606-1753$b00$c20171028$lBLL01$h1604

