=LDR  02077 am a2200529 a 4500
=001  016894547
=003  Uk
=005  20131206125220.0
=006  m\\\\||\\d\|\\\\\\
=007  cr\|||||||||||
=008  131206q18121827sp\a\\\\o\\\\\000\0\spa\d
=FMT  \\$a  BK
=040  \\$aUkCU$beng$cUkCU$dUk
=245  00$aHijo ingrato de Venecia :$bNueva relacion del caso sucedido en la ciudad de Venecia con un hombre que se le arrolló una serpiente á la garganta, y esto fue castigo de Dios por lo mal que trató á su madre : como lo verá el curioso : primera parte.
=246  30$aNueva relacion del caso sucedido en la ciudad de Venecia con un hombre que se le arrolló una serpiente á la garganta
=260  \\$aVictoria [i.e. Vitoria] :$bPor la viuda e hijos de Larumbe,$c[between 1812 and 1827?]
=300  \\$a1 online resource
=336  \\$atext$2rdacontent
=337  \\$acomputer$2rdamedia
=338  \\$aonline resources$2rdacarrier
=500  \\$aText printed in two columns.
=500  \\$aIn verse.
=500  \\$aIllustration at head of title.
=500  \\$aCaption title.
=500  \\$aImprint from colophon.
=500  \\$aIn two parts.
=599  \\$aItem no. T132 in volume 1074.g.24.$5Uk
=533  \\$aElectronic Reproduction$bLondon$cBritish Library$d2012$nItem no. T132 in volume 1074.g.24.$5Uk
=650  \0$aMothers and sons.
=650  \0$aIngratitude.
=650  \0$aJudgment of God.
=650  \0$aChristianity and justice.
=650  \0$aSnakes.
=650  \4$aMadres e hijos.
=650  \4$aIngratitud.
=650  \4$aSerpientes.
=653  \0$aJusticia divina.
=655  \7$aChapbooks$zSpain.$2rbgenr
=662  \\$aItaly$dVenice$2lcsh-naf
=752  \\$aSpain$dVitoria.
=856  40$uhttp://cudl.lib.cam.ac.uk/view/PR-01074-G-00024-00132$yCambridge Digital Library
=859  \\$aXLD$bCambridge Digital Library
=CAT  \\$aWR14_159$b00$c20141016$lBLL01$h1656
=CAT  \\$aWR14_181$c20150323$lBLL01$h1403
=CAT  \\$aW1606-1753$c20171028$lBLL01$h1604
=SRC  \\$aBLWrongdoing
=LAS  \\$aW1606-1753$b00$c20171028$lBLL01$h1604

