=LDR  01955 am a2200481 a 4500
=001  016894549
=003  Uk
=005  20131206141712.0
=006  m\\\\||\\d\|\\\\\\
=007  cr\|||||||||||
=008  131206q17991850sp\a\\\\o\\\\\000\0\spa\d
=FMT  \\$a  BK
=040  \\$aUkCU$beng$cUkCU$dUk
=245  00$aCoplas graciosas :$bRiña de un matrimonio de poca edad y sin dineros : primera parte.
=246  30$aRiña de un matrimonio de poca edad y sin dineros
=260  \\$aSe hallará en Zaragoza :$bCasa del catalán, calle de las Danzas, n. 30,$c[between 1799 and 1850?]
=300  \\$a1 online resource
=336  \\$atext$2rdacontent
=337  \\$acomputer$2rdamedia
=338  \\$aonline resources$2rdacarrier
=500  \\$aText printed in two columns.
=500  \\$aIn verse.
=500  \\$aTwo separate illustrations at head of title.
=500  \\$aCaption title.
=500  \\$aImprint from colophon.
=500  \\$aIn two parts. Part two has title: "Despedida que hacen dos finos amantes al ausentarse el galan, y la respuesta de la dama."
=599  \\$aItem no. T134 in volume 1074.g.24.$5Uk
=533  \\$aElectronic Reproduction$bLondon$cBritish Library$d2012$nItem no. T134 in volume 1074.g.24.$5Uk
=650  \0$aSongs, Spanish$vTexts.
=650  \0$aMan-woman relationships.
=650  \4$aRelaciones hombre-mujer.
=653  \0$aCanciones españolas--Textos.
=655  \7$aChapbooks$zSpain.$2rbgenr
=662  \\$2lcsh-naf
=740  02$aDespedida que hacen dos finos amantes al ausentarse el galan, y la respuesta de la dama.
=752  \\$aSpain$dZaragoza.
=856  40$uhttp://cudl.lib.cam.ac.uk/view/PR-01074-G-00024-00134$yCambridge Digital Library
=859  \\$aXLD$bCambridge Digital Library
=CAT  \\$aWR14_159$b00$c20141016$lBLL01$h1656
=CAT  \\$aWR14_181$c20150323$lBLL01$h1403
=CAT  \\$aW1606-1753$c20171028$lBLL01$h1604
=SRC  \\$aBLWrongdoing
=LAS  \\$aW1606-1753$b00$c20171028$lBLL01$h1604

