=LDR  01802 am a2200433 a 4500
=001  016894550
=003  Uk
=005  20131206143652.0
=006  m\\\\||\\d\|\\\\\\
=007  cr\|||||||||||
=008  131206q18301875sp\\\\\\o\\\\\000\0\spa\d
=FMT  \\$a  BK
=040  \\$aUkCU$beng$cUkCU$dUk
=245  00$aProdigioso milagro que ha obrado Santa Filomena en el reino de Aragon en un pueblo llamado Seselda, el dia veinte y dos de julio del presente año.
=260  \\$aReimpreso en Zaragoza :$bPor Ramon Leon,$c[between 1830 and 1875?]
=300  \\$a1 online resource
=336  \\$atext$2rdacontent
=337  \\$acomputer$2rdamedia
=338  \\$aonline resources$2rdacarrier
=500  \\$aText printed in two columns.
=500  \\$aIn prose.
=500  \\$aIllustrated title page.
=500  \\$aCaption title.
=500  \\$aImprint from colophon.
=599  \\$aItem no. T135 in volume 1074.g.24.$5Uk
=599  \\$aThe pliego, consisting of 2 pages, appears in duplicate (the illustration on the title page is different).$5Uk
=533  \\$aElectronic Reproduction$bLondon$cBritish Library$d2012$nItem no. T135 in volume 1074.g.24.$nThe pliego, consisting of 2 pages, appears in duplicate (the illustration on the title page is different).$5Uk
=600  00$aPhilomena$xMiracles.
=600  04$aFilomena$xMilagros.
=655  \7$aChapbooks$zSpain.$2rbgenr
=662  \\$aSpain$bAragon$2lcsh-naf
=752  \\$aSpain$dZaragoza.
=856  40$uhttp://cudl.lib.cam.ac.uk/view/PR-01074-G-00024-00135$yCambridge Digital Library
=859  \\$aXLD$bCambridge Digital Library
=CAT  \\$aWR14_159$b00$c20141016$lBLL01$h1656
=CAT  \\$aWR14_181$c20150323$lBLL01$h1403
=CAT  \\$aW1606-1753$c20171028$lBLL01$h1604
=SRC  \\$aBLWrongdoing
=LAS  \\$aW1606-1753$b00$c20171028$lBLL01$h1604

