=LDR  01925 am a2200457 a 4500
=001  016894551
=003  Uk
=005  20131206144813.0
=006  m\\\\||\\d\|\\\\\\
=007  cr\|||||||||||
=008  131206q18401860sp\a\\\\o\\\\\000\0\spa\d
=FMT  \\$a  BK
=040  \\$aUkCU$beng$cUkCU$dUk
=100  1\$aGuilleme, Antonio.
=245  10$aAmorosos trovos de una carta discreta que dirige un amante á su dama :$bcompuesta en trovos nuevos, con otros muy divertidos para dar broma á las mugeres /$ccompuestos por Antonio Guilleme, de quien es propiedad.
=260  \\$aZaragoza :$bImprenta de Cristóbal Juste,$c[between 1840 and 1860?]
=300  \\$a1 online resource
=336  \\$atext$2rdacontent
=337  \\$acomputer$2rdamedia
=338  \\$aonline resources$2rdacarrier
=500  \\$aText printed in two columns.
=500  \\$aIn verse.
=500  \\$aIllustration at head of title.
=500  \\$aCaption title.
=500  \\$aImprint from colophon.
=505  0\$aPara que los enamorados canten á la puerta de sus damas -- De la sangrienta batalla que van á emprender las viudas con las doncellas poar las ganas de casarse que tienen y no encuentran novio.
=599  \\$aItem no. T136 in volume 1074.g.24.$5Uk
=533  \\$aElectronic Reproduction$bLondon$cBritish Library$d2012$nItem no. T136 in volume 1074.g.24.$5Uk
=650  \0$aSongs, Spanish$vTexts.
=650  \0$aCourtship.
=650  \4$aCortejo amoroso.
=653  \0$aCanciones españolas--Textos.
=655  \7$aChapbooks$zSpain.$2rbgenr
=752  \\$aSpain$dZaragoza.
=856  40$uhttp://cudl.lib.cam.ac.uk/view/PR-01074-G-00024-00136$yCambridge Digital Library
=859  \\$aXLD$bCambridge Digital Library
=CAT  \\$aWR14_159$b00$c20141016$lBLL01$h1656
=CAT  \\$aWR14_181$c20150323$lBLL01$h1403
=CAT  \\$aW1606-1753$c20171028$lBLL01$h1604
=SRC  \\$aBLWrongdoing
=LAS  \\$aW1606-1753$b00$c20171028$lBLL01$h1604

