=LDR  02147 am a2200577 a 4500
=001  016894555
=003  Uk
=005  20131206150712.0
=006  m\\\\||\\d\|\\\\\\
=007  cr\|||||||||||
=008  131206s1841\\\\sp\a\\\\o\\\\\000\0\spa\d
=FMT  \\$a  BK
=040  \\$aUkCU$beng$cUkCU$dUk
=245  00$aDe Espinela :$bNueva relacion de los valerosos hechos, muertes y atrocidades de una valerosa dama llamada Espinela, natural de Caspe, en el reino de Aragon.
=246  30$aNueva relacion de los valerosos hechos, muertes y atrocidades de una valerosa dama
=260  \\$aReimpreso en Zaragoza :$bPor Ramon Leon,$caño 1841.
=300  \\$a1 online resource
=336  \\$atext$2rdacontent
=337  \\$acomputer$2rdamedia
=338  \\$aonline resources$2rdacarrier
=500  \\$aText printed in two columns.
=500  \\$aIn verse.
=500  \\$aTwo separate illustrations at head of title.
=500  \\$aCaption title.
=500  \\$aImprint from colophon.
=599  \\$aItem no. T140 in volume 1074.g.24.$5Uk
=533  \\$aElectronic Reproduction$bLondon$cBritish Library$d2012$nItem no. T140 in volume 1074.g.24.$5Uk
=650  \0$aBrigands and robbers.
=650  \0$aViolent crimes.
=650  \0$aWomen murderers.
=650  \0$aMistaken identity.
=650  \4$aEspinela (Fictitious character)
=650  \4$aBandoleros.
=650  \4$aDelitos violentos.
=650  \4$aAsesinas.
=650  \4$aFalsificación de identidad.
=653  \1$aEspinela (Personaje ficticio)
=655  \7$aChapbooks$zSpain.$2rbgenr
=662  \\$aSpain$dAntequera$2lcsh-naf
=662  \\$aSpain$dGranada$2lcsh-naf
=662  \\$aSpain$dMarbella$2lcsh-naf
=662  \\$aSpain$dMálaga$2lcsh-naf
=662  \\$aSpain$dCartagena$2lcsh-naf
=752  \\$aSpain$dZaragoza.
=856  40$uhttp://cudl.lib.cam.ac.uk/view/PR-01074-G-00024-00140$yCambridge Digital Library
=859  \\$aXLD$bCambridge Digital Library
=CAT  \\$aWR14_159$b00$c20141016$lBLL01$h1656
=CAT  \\$aWR14_181$c20150323$lBLL01$h1403
=CAT  \\$aW1606-1753$c20171028$lBLL01$h1604
=SRC  \\$aBLWrongdoing
=LAS  \\$aW1606-1753$b00$c20171028$lBLL01$h1604

