=LDR  02342 am a2200493 a 4500
=001  016894558
=003  Uk
=005  20131206154551.0
=006  m\\\\||\\d\|\\\\\\
=007  cr\|||||||||||
=008  131206q17571837sp\a\\\\o\\\\\000\0\spa\d
=FMT  \\$a  BK
=040  \\$aUkCU$beng$cUkCU$dUk
=245  03$aLa gran victoria que tuvo Don Juan de Austria contra la armada turquesa en el golfo de Lepanto á siete de octubre de 1571, dividida en tres famosos romances :$bel primero cuando partió don Juan del reino de Sicilia con toda la armada en busca de la del turco : el segundo, el presente que envió el turco al señor Don Juan : el tercero, otro presente que hizo el señor Don Juan al turco, con muy sabias respuestas.
=260  \\$a[S.l. :$bs.n.,$cbetween 1757 and 1837?]
=300  \\$a1 online resource
=336  \\$atext$2rdacontent
=337  \\$acomputer$2rdamedia
=338  \\$aonline resources$2rdacarrier
=500  \\$aText printed in two columns.
=500  \\$aIn verse.
=500  \\$aEight separate illustrations at head of title.
=500  \\$aCaption title.
=500  \\$aImprint from colophon.
=500  \\$a"Romance segundo del presente que envió el Gran Turco al señor Don Juan": p. 6-7.
=500  \\$a"Romance tercero de la respuesta que hizo el señor Don Juan al Gran Turco": p. 7-8.
=599  \\$aItem no. T3 in volume 11450.h.5.$5Uk
=533  \\$aElectronic Reproduction$bLondon$cBritish Library$d2012$nItem no. T3 in volume 11450.h.5.$5Uk
=600  00$aJohn,$cof Austria,$d1547-1578.
=650  \0$aLepanto, Battle of, Greece, 1571.
=650  \4$aLepanto, Batalla de, Grecia, 1571.
=653  \1$aJuan, de Austria, 1547-1578.
=655  \7$aChapbooks$zSpain.$2rbgenr
=662  \\$aItaly$dSicily$2lcsh-naf
=662  \\$aTurkey$2lcsh-naf
=740  02$aRomance segundo del presente que envió el Gran Turco al señor Don Juan.
=740  0\$aRomance tercero de la respuesta que hizo el señor Don Juan al Gran Turco.
=856  40$uhttp://cudl.lib.cam.ac.uk/view/PR-11450-H-00005-00003$yCambridge Digital Library
=859  \\$aXLD$bCambridge Digital Library
=CAT  \\$aWR14_159$b00$c20141016$lBLL01$h1656
=CAT  \\$aWR14_181$c20150323$lBLL01$h1403
=CAT  \\$aW1606-1753$c20171028$lBLL01$h1604
=SRC  \\$aBLWrongdoing
=LAS  \\$aW1606-1753$b00$c20171028$lBLL01$h1604

