=LDR  02225 am a2200505 a 4500
=001  016894563
=003  Uk
=005  20131206171622.0
=006  m\\\\||\\d\|\\\\\\
=007  cr\|||||||||||
=008  131206q17571837sp\a\\\\o\\\\\000\0\spa\d
=FMT  \\$a  BK
=040  \\$aUkCU$beng$cUkCU$dUk
=043  \\$ae-sp---
=245  00$aPrimera parte en la que se declara la peregrina y rara historia de la gitanilla de Madrid, de la suerte que la robó una gitana en Zaragoza :$by los varios sucesos que acaecieron, como verá el curioso lector : La gitanilla de Madrid.
=246  30$aGitanilla de Madrid
=260  \\$a[S.l. :$bs.n,$cbetween 1757 and 1837]
=300  \\$a1 online resource
=336  \\$atext$2rdacontent
=337  \\$acomputer$2rdamedia
=338  \\$aonline resources$2rdacarrier
=500  \\$aText printed in two columns.
=500  \\$aIn verse.
=500  \\$aIllustration at head of title.
=500  \\$aCaption title.
=500  \\$aImprint from colophon.
=500  \\$a"Núm. 7."
=500  \\$aIn two parts. Part two has title: "Segunda parte en la que se refiere como andando corriendo la España vinieron á parar á Zaragoza, y en manos de la Justicia por un falso testimonio y estando sentenciados á horca, se descubrió ser hija del Virrey."
=599  \\$aItem no. T9 in volume 11450.h.5.$5Uk
=533  \\$aElectronic Reproduction$bLondon$cBritish Library$d2012$nItem no. T9 in volume 11450.h.5.$5Uk
=650  \0$aWomen, Romani$zSpain$zMadrid.
=650  \0$aMistaken identity.
=650  \4$aMujeres gitanas$zEspaña$zMadrid.
=653  \0$aFalsificación de identidad.
=655  \7$aChapbooks$zSpain.$2rbgenr
=662  \\$aSpain$dMadrid$2lcsh-naf
=662  \\$aSpain$dZaragoza$2lcsh-naf
=740  02$aSegunda parte en la que se refiere como andando corriendo la España vinieron á parar á Zaragoza.
=856  40$uhttp://cudl.lib.cam.ac.uk/view/PR-11450-H-00005-00009$yCambridge Digital Library
=859  \\$aXLD$bCambridge Digital Library
=CAT  \\$aWR14_159$b00$c20141016$lBLL01$h1656
=CAT  \\$aWR14_181$c20150323$lBLL01$h1403
=CAT  \\$aW1606-1753$c20171028$lBLL01$h1604
=SRC  \\$aBLWrongdoing
=LAS  \\$aW1606-1753$b00$c20171028$lBLL01$h1604

