=LDR  01944 am a2200469 a 4500
=001  016894565
=003  Uk
=005  20131209142320.0
=006  m\\\\||\\d\|\\\\\\
=007  cr\|||||||||||
=008  131209q17761868sp\a\\\\o\\\\\000\0\spa\d
=FMT  \\$a  BK
=040  \\$aUkCU$beng$cUkCU$dUk
=245  00$aPrimera parte de la relacion nueva de Lisardo el estudiante de Córdoba :$bdecláranse los lances de amor, miedos y sobresaltos que le acaecieron con Doña Teodora, natural de Salamanca : refiérese como habiendo ido una noche á escalar el convento para sacar á esta señora, vió su entierro : con otras particularidades.
=260  \\$a[Málaga?] :$bSe hallará este y otros varios en la librería de Carreras,$c[between 1776 and 1868?]
=300  \\$a1 online resource
=336  \\$atext$2rdacontent
=337  \\$acomputer$2rdamedia
=338  \\$aonline resources$2rdacarrier
=500  \\$aText printed in two columns.
=500  \\$aIn verse.
=500  \\$aTwo separate illustrations at head of title.
=500  \\$aCaption title.
=500  \\$aImprint from colophon.
=500  \\$a"(19)"
=500  \\$aIn two parts.
=599  \\$aItem no. T12 in volume 11450.h.5.$5Uk
=533  \\$aElectronic Reproduction$bLondon$cBritish Library$d2012$nItem no. T12 in volume 11450.h.5.$5Uk
=650  \0$aMan-woman relationships.
=650  \4$aRelaciones hombre-mujer.
=650  \4$aEstudiantes.
=655  \7$aChapbooks$zSpain.$2rbgenr
=662  \\$aSpain$dCórdoba$2lcsh-naf
=662  \\$aSpain$dSalamanca$2lcsh-naf
=752  \\$aSpain$dMálaga.
=856  40$uhttp://cudl.lib.cam.ac.uk/view/PR-11450-H-00005-00012$yCambridge Digital Library
=859  \\$aXLD$bCambridge Digital Library
=CAT  \\$aWR14_159$b00$c20141016$lBLL01$h1656
=CAT  \\$aWR14_181$c20150323$lBLL01$h1403
=CAT  \\$aW1606-1753$c20171028$lBLL01$h1604
=SRC  \\$aBLWrongdoing
=LAS  \\$aW1606-1753$b00$c20171028$lBLL01$h1604

