=LDR  01482 am a2200445 a 4500
=001  016894566
=003  Uk
=005  20131209142652.0
=006  m\\\\||\\d\|\\\\\\
=007  cr\|||||||||||
=008  131209q17571837sp\a\\\\o\\\\\000\0\spa\d
=FMT  \\$a  BK
=040  \\$aUkCU$beng$cUkCU$dUk
=245  00$aRomance nuevo y curioso de la batalla del leon y el grillo.
=246  30$aLeon y el grillo
=260  \\$a[S.l. :$bs.n,$cbetween 1757 and 1837]
=300  \\$a1 online resource
=336  \\$atext$2rdacontent
=337  \\$acomputer$2rdamedia
=338  \\$aonline resources$2rdacarrier
=500  \\$aText printed in two columns.
=500  \\$aIn verse.
=500  \\$aIllustration at head of title.
=500  \\$aCaption title.
=500  \\$aImprint from colophon.
=500  \\$a"(2)"
=599  \\$aItem no. T13 in volume 11450.h.5.$5Uk
=533  \\$aElectronic Reproduction$bLondon$cBritish Library$d2012$nItem no. T13 in volume 11450.h.5.$5Uk
=650  \0$aSatire, Spanish.
=650  \4$aSátira española.
=650  \4$aGrillos.
=650  \4$aLeones.
=655  \7$aChapbooks$zSpain.$2rbgenr
=856  40$uhttp://cudl.lib.cam.ac.uk/view/PR-11450-H-00005-00013$yCambridge Digital Library
=859  \\$aXLD$bCambridge Digital Library
=CAT  \\$aWR14_159$b00$c20141016$lBLL01$h1656
=CAT  \\$aWR14_181$c20150323$lBLL01$h1403
=CAT  \\$aW1606-1753$c20171028$lBLL01$h1604
=SRC  \\$aBLWrongdoing
=LAS  \\$aW1606-1753$b00$c20171028$lBLL01$h1604

