=LDR  02416 am a2200529 a 4500
=001  016894572
=003  Uk
=005  20150225123913.0
=006  m\\\\||\\d\|\\\\\\
=007  cr\|||||||||||
=008  131209s1822\\\\sp\a\\\\o\\\\\000\0\spa\d
=FMT  \\$a  BK
=040  \\$aUkCU$beng$cUkCU$dUk
=245  00$aFrancisco Pigetas :$bNuevo y curioso romance en que se declaran los arrestos y maldades de Francisco Domingo Flores Pigetas, natural de Benafer, reino de Valencia : con todo lo demas que verá el curioso lector : primera parte.
=246  30$aNuevo y curioso romance en que se declaran los arrestos y maldades de Francisco Domingo Flores Pigetas
=260  \\$aValencia :$bImprenta de Ildefonso Mompié, se hallará en su librería, calle nueva de San Fernando, núm. 64, junto al Mercado ...,$caño 1822.
=300  \\$a1 online resource
=336  \\$atext$2rdacontent
=337  \\$acomputer$2rdamedia
=338  \\$aonline resources$2rdacarrier
=500  \\$aText printed in two columns.
=500  \\$aIn verse.
=500  \\$aIllustration at head of title.
=500  \\$aCaption title.
=500  \\$aImprint from colophon.
=500  \\$a"(Núm. 13)"
=500  \\$aIn two parts. Part two has title: "Segunda parte en que se da cuenta y declara el prendimiento y la justicia que hicieron con Francisco Flores Pigetas en este año 1787."
=599  \\$aItem no. T19 in volume 11450.h.5.$5Uk
=533  \\$aElectronic Reproduction$bLondon$cBritish Library$d2012$nItem no. T19 in volume 11450.h.5.$5Uk
=650  \0$aFrancisco Flores Pigetas (Fictitious character)
=650  \0$aAssassination.
=650  \0$aMayors.
=650  \4$aAsesinato.
=650  \4$aAlcaldes.
=655  \7$aChapbooks$zSpain.$2rbgenr
=653  \1$aFrancisco Flores Pigetas (Personaje ficticio)
=662  \\$aSpain$dValencia$2lcsh-naf
=740  02$aSegunda parte en que se da cuenta y declara el prendimiento y la justicia que hicieron con Francisco Flores Pigetas.
=752  \\$aSpain$dValencia.
=856  40$uhttp://cudl.lib.cam.ac.uk/view/PR-11450-H-00005-00019$yCambridge Digital Library
=859  \\$aXLD$bCambridge Digital Library
=CAT  \\$aWR14_159$b00$c20141016$lBLL01$h1656
=CAT  \\$a2833$b40$c20150225$lBLL01$h1239
=CAT  \\$aWR14_181$c20150323$lBLL01$h1403
=CAT  \\$aW1606-1753$c20171028$lBLL01$h1604
=SRC  \\$aBLWrongdoing
=LAS  \\$aW1606-1753$b00$c20171028$lBLL01$h1604

