=LDR  02812 am a2200589 a 4500
=001  016894573
=003  Uk
=005  20140602102126.0
=006  m\\\\||\\d\|\\\\\\
=007  cr\|||||||||||
=008  131209q18161852sp\a\\\\o\\\\\000\0\spa\d
=FMT  \\$a  BK
=040  \\$aUkCU$beng$cUkCU$dUk
=245  00$aD. Antonio Moreno :$bPrimera parte en que se refiere de la forma que fué cautivo un mancebo de la ciudad de Toledo, y como fué vendido en Argel y se le aficionó la hija del amo que lo habia comprado, llamada Celinda : y el modo con que se le declaró : con otras particularidades que verá el curioso.
=246  3\$aDon Antonio Moreno
=260  \\$aBarcelona :$bImprenta de Ignacio Estivill,$c[between 1816 and 1852]
=300  \\$a1 online resource
=336  \\$atext$2rdacontent
=337  \\$acomputer$2rdamedia
=338  \\$aonline resources$2rdacarrier
=500  \\$aText printed in two columns.
=500  \\$aIn verse.
=500  \\$aTwo separate illustrations at head of title.
=500  \\$aCaption title.
=500  \\$aImprint from colophon.
=500  \\$a"(Núm. 8)"
=500  \\$aIn two parts. Part two has title: "Segunda parte en la que se declara como siendo cristiana Celinda, se convirtió también su padre por el maravilloso caso de hablar un niño de tres dias y como vendió su hacienda y se vinieron á Alicante y pasaron todos á la ciudad de Toledo, patria de D. Antonio : con lo demas que verá el curioso lector."
=599  \\$aItem no. T20 in volume 11450.h.5.$5Uk
=533  \\$aElectronic Reproduction$bLondon$cBritish Library$d2012$nItem no. T20 in volume 11450.h.5.$5Uk
=650  \0$aChristianity and other religions$xIslam.
=650  \0$aIslam$xRelations$xChristianity.
=650  \0$aConversion$xChristianity.
=650  \4$aCristianismo y otras religiones$xIslamismo.
=650  \4$aIslamismo$xRelaciones$xCristianismo.
=650  \4$aConversión religiosa$xCristianismo.
=650  \4$aAntonio Moreno (Fictitious character)
=653  \1$aAntonio Moreno (Personaje ficticio)
=650  \4$aCautivos.
=655  \7$aChapbooks$zSpain.$2rbgenr
=662  \\$aSpain$dToledo$2lcsh-naf
=662  \\$aAlgeria$2lcsh-naf
=700  1\$aEstivill, Ignacio,$dactive 1816-1852$cactive 1816-1852,$eprinter.$5Uk
=740  02$aSegunda parte en la que se declara como siendo cristiana Celinda.
=752  \\$aSpain$dBarcelona.
=856  40$uhttp://cudl.lib.cam.ac.uk/view/PR-11450-H-00005-00020$yCambridge Digital Library
=859  \\$aXLD$bCambridge Digital Library
=CAT  \\$aWR14_159$b00$c20141016$lBLL01$h1656
=CAT  \\$aBATCH-UPD$b00$c20141016$lBLL01$h1711
=CAT  \\$aWR14_181$c20150323$lBLL01$h1403
=CAT  \\$aW1606-1753$c20171028$lBLL01$h1604
=SRC  \\$aBLWrongdoing
=LAS  \\$aW1606-1753$b00$c20171028$lBLL01$h1604

