=LDR  01721 am a2200445 a 4500
=001  016894574
=003  Uk
=005  20131209165231.0
=006  m\\\\||\\d\|\\\\\\
=007  cr\|||||||||||
=008  131209q17571837sp\a\\\\o\\\\\000\0\spa\d
=FMT  \\$a  BK
=040  \\$aUkCU$beng$cUkCU$dUk
=245  00$aNueva relacion en donde se refieren los amorosos sucesos de dos amantes, naturales de la ciudad de Toledo :$bdase cuenta como por haber dado muerte á un caballero, se ausentó el galan de la ciudad, sabiéndolo la dama, fué en busca suya, y como vinieron á casarse.
=260  \\$aPalencia :$bPor Francisco Guerrero,$c[between 1757 and 1837]
=300  \\$a1 online resource
=336  \\$atext$2rdacontent
=337  \\$acomputer$2rdamedia
=338  \\$aonline resources$2rdacarrier
=500  \\$aText printed in two columns.
=500  \\$aIn verse.
=500  \\$aIllustration at head of title.
=500  \\$aCaption title.
=500  \\$aImprint from colophon.
=500  \\$a"Núm. 20."
=599  \\$aItem no. T22 in volume 11450.h.5.$5Uk
=533  \\$aElectronic Reproduction$bLondon$cBritish Library$d2012$nItem no. T22 in volume 11450.h.5.$5Uk
=650  \0$aMurder.
=650  \4$aAsesinato.
=650  \4$aBodas.
=655  \7$aChapbooks$zSpain.$2rbgenr
=662  \\$aSpain$dToledo$2lcsh-naf
=752  \\$aSpain$dPalencia.
=856  40$uhttp://cudl.lib.cam.ac.uk/view/PR-11450-H-00005-00022$yCambridge Digital Library
=859  \\$aXLD$bCambridge Digital Library
=CAT  \\$aWR14_159$b00$c20141016$lBLL01$h1656
=CAT  \\$aWR14_181$c20150323$lBLL01$h1403
=CAT  \\$aW1606-1753$c20171028$lBLL01$h1604
=SRC  \\$aBLWrongdoing
=LAS  \\$aW1606-1753$b00$c20171028$lBLL01$h1604

