=LDR  01701 am a2200481 a 4500
=001  016894575
=003  Uk
=005  20131209172425.0
=006  m\\\\||\\d\|\\\\\\
=007  cr\|||||||||||
=008  131209q17571837sp\a\\\\o\\\\\000\0\spa\d
=FMT  \\$a  BK
=040  \\$aUkCU$beng$cUkCU$dUk
=245  00$aJerineldos.
=260  \\$aPto. de Sta. Maria :$bImprenta de B. Nuñez, calle de Palacios, núm. 43,$c[between 1757 and 1837?]
=300  \\$a1 online resource
=336  \\$atext$2rdacontent
=337  \\$acomputer$2rdamedia
=338  \\$aonline resources$2rdacarrier
=500  \\$aText printed in two columns.
=500  \\$aIn verse.
=500  \\$aTwo separate illustrations at head of title.
=500  \\$aCaption title.
=500  \\$aImprint from colophon.
=500  \\$a"Núm. 9."
=599  \\$aItem no. T23 in volume 11450.h.5.$5Uk
=533  \\$aElectronic Reproduction$bLondon$cBritish Library$d2012$nItem no. T23 in volume 11450.h.5.$5Uk
=650  \4$aGerineldo (Fictitious character)
=650  \4$aEnildas (Fictitious character)
=650  \0$aAdultery.
=650  \4$aAdulterio.
=653  \1$aGerineldo (Personaje ficticio)
=653  \1$aEnildas (Personaje ficticio)
=655  \7$aChapbooks$zSpain.$2rbgenr
=662  \\$aTurkey$dIstanbul$2lcsh-naf
=752  \\$aSpain$dEl Puerto de Santa María.
=856  40$uhttp://cudl.lib.cam.ac.uk/view/PR-11450-H-00005-00023$yCambridge Digital Library
=859  \\$aXLD$bCambridge Digital Library
=CAT  \\$aWR14_159$b00$c20141016$lBLL01$h1656
=CAT  \\$aWR14_181$c20150323$lBLL01$h1403
=CAT  \\$aW1606-1753$c20171028$lBLL01$h1604
=SRC  \\$aBLWrongdoing
=LAS  \\$aW1606-1753$b00$c20171028$lBLL01$h1604

