=LDR  01662 am a2200469 a 4500
=001  016894576
=003  Uk
=005  20131209172856.0
=006  m\\\\||\\d\|\\\\\\
=007  cr\|||||||||||
=008  131209s1840\\\\sp\a\\\\o\\\\\000\0\spa\\
=FMT  \\$a  BK
=040  \\$aUkCU$beng$cUkCU$dUk
=245  00$aRelacion de gracioso :$bEl desprecio bien vengado.
=246  30$aDesprecio bien vengado
=260  \\$aPto. de Sta. Maria :$bImprenta de B. Nuñez, calle de Palacios, núm. 43,$c[between 1757 and 1837?]
=300  \\$a1 online resource
=336  \\$atext$2rdacontent
=337  \\$acomputer$2rdamedia
=338  \\$aonline resources$2rdacarrier
=500  \\$aText printed in two columns.
=500  \\$aIn verse.
=500  \\$aTwo separate illustrations at head of title.
=500  \\$aCaption title.
=500  \\$aImprint from colophon.
=500  \\$a"Núm. 12."
=599  \\$aItem no. T24 in volume 11450.h.5.$5Uk
=533  \\$aElectronic Reproduction$bLondon$cBritish Library$d2012$nItem no. T24 in volume 11450.h.5.$5Uk
=650  \0$aSatire, Spanish.
=650  \0$aFlatulence.
=650  \4$aSátira española.
=650  \4$aFlatulencia.
=655  \7$aChapbooks$zSpain.$2rbgenr
=662  \\$aSpain$dSoria$2lcsh-naf
=752  \\$aSpain$dEl Puerto de Santa María.
=856  40$uhttp://cudl.lib.cam.ac.uk/view/PR-11450-H-00005-00024$yCambridge Digital Library
=859  \\$aXLD$bCambridge Digital Library
=CAT  \\$aWR14_159$b00$c20141016$lBLL01$h1656
=CAT  \\$aWR14_181$c20150323$lBLL01$h1403
=CAT  \\$aW1606-1753$c20171028$lBLL01$h1604
=SRC  \\$aBLWrongdoing
=LAS  \\$aW1606-1753$b00$c20171028$lBLL01$h1604

