=LDR  02050 am a2200469 a 4500
=001  016894579
=003  Uk
=005  20131210174349.0
=006  m\\\\||\\d\|\\\\\\
=007  cr\|||||||||||
=008  131210q18781887sp\a\\\\o\\\\\000\0\spa\d
=FMT  \\$a  BK
=040  \\$aUkCU$beng$cUkCU$dUk
=245  00$aNuevo y lastimoso romance reducido á manifestar la infausta tragedia de Francisca Bergara y de su marido Benito Granda :$bel cual estando ausente de España, un sobrino del cura de su parroquia le mandó una fe de muerto falsa como habia fallecido su muger, por la que creyó que viudo estaba, estudió y cantó misa, metiéndose religioso capuchino, y en cuya forma volvió á presencia de su muger.
=260  \\$aSe hallará en Barbastro :$bCasa de Felipe Lafita,$c[between 1878 and 1887]
=300  \\$a1 online resource
=336  \\$atext$2rdacontent
=337  \\$acomputer$2rdamedia
=338  \\$aonline resources$2rdacarrier
=500  \\$aText printed in two columns.
=500  \\$aIn verse.
=500  \\$aIllustration at head of title.
=500  \\$aCaption title.
=500  \\$aImprint from colophon.
=500  \\$a"F. Núm. 23."
=599  \\$aItem no. T33 in volume 11450.h.5.$5Uk
=533  \\$aElectronic Reproduction$bLondon$cBritish Library$d2012$nItem no. T33 in volume 11450.h.5.$5Uk
=650  \0$aFrancisca Bergara (Fictitious character)
=650  \4$aBenito Granda (Fictitious character)
=650  \4$aViudos.
=653  \1$aFrancisca Bergara (Personaje ficticio)
=653  \1$aBenito Granda ((Personaje ficticio)r)
=655  \7$aChapbooks$zSpain.$2rbgenr
=662  \\$aSpain$dSantander$2lcsh-naf
=752  \\$aSpain$dBarbastro.
=856  40$uhttp://cudl.lib.cam.ac.uk/view/PR-11450-H-00005-00033$yCambridge Digital Library
=859  \\$aXLD$bCambridge Digital Library
=CAT  \\$aWR14_159$b00$c20141016$lBLL01$h1656
=CAT  \\$aWR14_181$c20150323$lBLL01$h1403
=CAT  \\$aW1606-1753$c20171028$lBLL01$h1604
=SRC  \\$aBLWrongdoing
=LAS  \\$aW1606-1753$b00$c20171028$lBLL01$h1604

