=LDR  02051 am a2200517 a 4500
=001  016894583
=003  Uk
=005  20131210181804.0
=006  m\\\\||\\d\|\\\\\\
=007  cr\|||||||||||
=008  131210q17571837sp\a\\\\o\\\\\000\0\spa\d
=FMT  \\$a  BK
=040  \\$aUkCU$beng$cUkCU$dUk
=245  03$aEl monstruo de Marsella :$bVerdadera relacion y curioso romance en que se declara el riguroso castigo que executó Dios nuestro Señor con un caballero de Marsella, que por haber muerto á su padre y á un hermano suyo y otras atrocidadas [sic], se transformó en la forma que verá el curioso lector.
=246  30$aVerdadera relacion y curioso romance en que se declara el riguroso castigo que executó Dios nuestro Señor con un caballero de Marsella
=260  \\$a[S.l. :$bs.n.,$cbetween 1757 and 1837]
=300  \\$a1 online resource
=336  \\$atext$2rdacontent
=337  \\$acomputer$2rdamedia
=338  \\$aonline resources$2rdacarrier
=500  \\$aText printed in two columns.
=500  \\$aIn verse.
=500  \\$aIllustration at head of title.
=500  \\$aCaption title.
=500  \\$aImprint from colophon.
=500  \\$a"27."
=599  \\$aItem no. T39 in volume 11450.h.5.$5Uk
=533  \\$aElectronic Reproduction$bLondon$cBritish Library$d2012$nItem no. T39 in volume 11450.h.5.$5Uk
=650  \0$aFratricide.
=650  \0$aParricide.
=650  \0$aJudgment of God.
=650  \0$aChristianity and justice.
=650  \0$aMonsters.
=650  \4$aFratricidio.
=650  \4$aParricidio.
=650  \4$aMonstruos.
=653  \0$aJusticia divina.
=655  \7$aChapbooks$zSpain.$2rbgenr
=662  \\$aFrance$dMarseille$2lcsh-naf
=856  40$uhttp://cudl.lib.cam.ac.uk/view/PR-11450-H-00005-00039$yCambridge Digital Library
=859  \\$aXLD$bCambridge Digital Library
=CAT  \\$aWR14_159$b00$c20141016$lBLL01$h1656
=CAT  \\$aWR14_181$c20150323$lBLL01$h1403
=CAT  \\$aW1606-1753$c20171028$lBLL01$h1604
=SRC  \\$aBLWrongdoing
=LAS  \\$aW1606-1753$b00$c20171028$lBLL01$h1604

