=LDR  02054 am a2200457 a 4500
=001  016894584
=003  Uk
=005  20131211141621.0
=006  m\\\\||\\d\|\\\\\\
=007  cr\|||||||||||
=008  131211q17761868sp\a\\\\o\\\\\000\0\spa\d
=FMT  \\$a  BK
=040  \\$aUkCU$beng$cUkCU$dUk
=245  03$aLa princesa Ismenia :$bVerdadero y curioso romance de la princesa Ismenia, hermana del Gran Turco Osmán, en que se declara y dá cuenta de la embajada que embió Osmán á nuestro rey de España Felipe Segundo : la respuesta que se le volvió y el fin desesperado que tuvo la princesa Ismenia, como lo verá el curioso lector.
=246  30$aVerdadero y curioso romance de la princesa Ismenia
=260  \\$aSe hallará en Málaga :$bEn la imprenta y libreria de Carreras ...,$c[between 1776 and 1868?]
=300  \\$a1 online resource
=336  \\$atext$2rdacontent
=337  \\$acomputer$2rdamedia
=338  \\$aonline resources$2rdacarrier
=500  \\$aText printed in two columns.
=500  \\$aIn verse.
=500  \\$aIllustration at head of title.
=500  \\$aCaption title.
=500  \\$aImprint from colophon.
=500  \\$a"(36)"
=599  \\$aItem no. T40 in volume 11450.h.5.$5Uk
=533  \\$aElectronic Reproduction$bLondon$cBritish Library$d2012$nItem no. T40 in volume 11450.h.5.$5Uk
=600  00$aOsman$bII,$cSultan of the Turks,$d1603-1622$vFiction.
=600  04$aOsman$bII,$cSultan de los Turcos,$d1603-1622$vFicción.
=651  \0$aSpain$xHistory$yHouse of Austria, 1516-1700$vFiction.
=651  \4$aEspaña$xHistoria$yCasa de Austria, 1516-1700$vFicción.
=655  \7$aChapbooks$zSpain.$2rbgenr
=752  \\$aSpain$dMálaga.
=856  40$uhttp://cudl.lib.cam.ac.uk/view/PR-11450-H-00005-00040$yCambridge Digital Library
=859  \\$aXLD$bCambridge Digital Library
=CAT  \\$aWR14_159$b00$c20141016$lBLL01$h1656
=CAT  \\$aWR14_181$c20150323$lBLL01$h1403
=CAT  \\$aW1606-1753$c20171028$lBLL01$h1604
=SRC  \\$aBLWrongdoing
=LAS  \\$aW1606-1753$b00$c20171028$lBLL01$h1604

