=LDR  02548 am a2200529 a 4500
=001  016894586
=003  Uk
=005  20140602100951.0
=006  m\\\\||\\d\|\\\\\\
=007  cr\|||||||||||
=008  131211q18161852sp\a\\\\o\\\\\000\0\spa\d
=FMT  \\$a  BK
=040  \\$aUkCU$beng$cUkCU$dUk
=245  00$aRenegada de Valladolid :$bDulce tratado de como una muger natural de Valladolid, siendo cautiva desde Bugia, negó la ley de Nuestro Señor y se casó con un rico moro, dó estuvo veinte y tres años en la secta de Mahoma, y al cabo de este tiempo cautivaron un clérigo hermano suyo, el cual sirvió de esclavo á su hermana tres años sin conocerle : y como fué Dios servido que conocieron por ciertas preguntas, y el arrepentimiento de la renegada, y las sentidas lamentaciones que hizo, y como tuvieron lugar de venir á Roma y reconciliarse con el Santo Padre.
=246  30$aDulce tratado de como una muger natural de Valladolid
=260  \\$aBarcelona :$bEn la imprenta de Ignacio Estivill, calle de la Boria,$c[between 1816 and 1852]
=300  \\$a1 online resource
=336  \\$atext$2rdacontent
=337  \\$acomputer$2rdamedia
=338  \\$aonline resources$2rdacarrier
=500  \\$aText printed in two columns.
=500  \\$aIn verse.
=500  \\$aThree separate illustrations at head of title.
=500  \\$aCaption title.
=500  \\$aImprint from colophon.
=500  \\$a"Núm. 10 R."
=599  \\$aItem no. T42 in volume 11450.h.5.$5Uk
=533  \\$aElectronic Reproduction$bLondon$cBritish Library$d2012$nItem no. T42 in volume 11450.h.5.$5Uk
=650  \0$aChristianity and other religions$xIslam.
=650  \0$aIslam$xRelations$xChristianity.
=650  \0$aRepentance$xChristianity.
=650  \4$aCristianismo y otras religiones$xIslamismo.
=650  \4$aIslamismo$xRelaciones$xCristianismo.
=650  \4$aArrepentimiento$xCristianismo.
=650  \4$aEsclavos.
=655  \7$aChapbooks$zSpain.$2rbgenr
=662  \\$aSpain$dValladolid$2lcsh-naf
=700  1\$aEstivill, Ignacio,$dactive 1816-1852$cactive 1816-1852,$eprinter.$5Uk
=752  \\$aSpain$dBarcelona.
=856  40$uhttp://cudl.lib.cam.ac.uk/view/PR-11450-H-00005-00042$yCambridge Digital Library
=859  \\$aXLD$bCambridge Digital Library
=CAT  \\$aWR14_159$b00$c20141016$lBLL01$h1656
=CAT  \\$aBATCH-UPD$b00$c20141016$lBLL01$h1711
=CAT  \\$aWR14_181$c20150323$lBLL01$h1403
=CAT  \\$aW1606-1753$c20171028$lBLL01$h1604
=SRC  \\$aBLWrongdoing
=LAS  \\$aW1606-1753$b00$c20171028$lBLL01$h1604

