=LDR  01607 am a2200421 a 4500
=001  016894588
=003  Uk
=005  20131211153202.0
=006  m\\\\||\\d\|\\\\\\
=007  cr\|||||||||||
=008  131211q18341920sp\a\\\\o\\\\\000\0\cat\d
=FMT  \\$a  BK
=040  \\$aUkCU$beng$cUkCU$dUk
=245  00$aRelacio nova y molt curiosa de la vida dels pastors :$ben ques manifesta los treballs y grans combats que tenen quant los ix lo llop y lo molt alegre y divertida que es llur vida.
=260  \\$aBarcelona :$bEn la estampa dels Hereus de la Viuda Pla, al carrer dels Cotoners,$c[between 1834 and 1920?]
=300  \\$a1 online resource
=336  \\$atext$2rdacontent
=337  \\$acomputer$2rdamedia
=338  \\$aonline resources$2rdacarrier
=500  \\$aText printed in two columns.
=500  \\$aIn verse.
=500  \\$aIllustration at head of title.
=500  \\$aCaption title.
=500  \\$aImprint from colophon.
=599  \\$aItem no. T44 in volume 11450.h.5.$5Uk
=533  \\$aElectronic Reproduction$bLondon$cBritish Library$d2012$nItem no. T44 in volume 11450.h.5.$5Uk
=650  \0$aShepherds.
=650  \4$aPastores.
=650  \4$aLobos.
=655  \7$aChapbooks$zSpain.$2rbgenr
=752  \\$aSpain$dBarcelona.
=856  40$uhttp://cudl.lib.cam.ac.uk/view/PR-11450-H-00005-00044$yCambridge Digital Library
=859  \\$aXLD$bCambridge Digital Library
=CAT  \\$aWR14_159$b00$c20141016$lBLL01$h1656
=CAT  \\$aWR14_181$c20150323$lBLL01$h1403
=CAT  \\$aW1606-1753$c20171028$lBLL01$h1604
=SRC  \\$aBLWrongdoing
=LAS  \\$aW1606-1753$b00$c20171028$lBLL01$h1604

