=LDR  01950 am a2200481 a 4500
=001  016894593
=003  Uk
=005  20131213161442.0
=006  m\\\\||\\d\|\\\\\\
=007  cr\|||||||||||
=008  131211q18011850sp\a\\\\o\\\\\000\0\spa\d
=FMT  \\$a  BK
=040  \\$aUkCU$beng$cUkCU$dUk
=245  00$aCurioso romance en que se da cuenta de los valerosos hechos de Bernardo del Carpio :$bjuntamente con la grande batalla de Ronces Valles : primera parte.
=246  30$aBernardo del Carpio
=260  \\$aCon licencia en Córdoba :$bEn la imprenta de D. Rafael Garcia Rodriguez, calle de la Librería,$c[between 1801 and 1850?]
=300  \\$a1 online resource
=336  \\$atext$2rdacontent
=337  \\$acomputer$2rdamedia
=338  \\$aonline resources$2rdacarrier
=500  \\$aText printed in two columns.
=500  \\$aIn verse.
=500  \\$aIllustration at head of title; second part with additional illustration at head of title.
=500  \\$aCaption title.
=500  \\$aImprint from colophon.
=500  \\$a"Núm. 129."
=500  \\$aIn two parts.
=599  \\$aItem no. T54 in volume 11450.h.5.$5Uk
=533  \\$aElectronic Reproduction$bLondon$cBritish Library$d2012$nItem no. T54 in volume 11450.h.5.$5Uk
=650  \0$aBernardo del Carpio (Legendary character)
=650  \4$aBernardo del Carpio (Personaje legendario)
=650  \0$aRoncesvalles, Battle of, Spain, 778.
=650  \4$aRoncesvalles, Batalla de, España, 778.
=655  \7$aChapbooks$zSpain.$2rbgenr
=662  \\$aSpain$dRoncesvalles$2lcsh-naf
=752  \\$aSpain$dCórdoba.
=856  40$uhttp://cudl.lib.cam.ac.uk/view/PR-11450-H-00005-00054$yCambridge Digital Library
=859  \\$aXLD$bCambridge Digital Library
=CAT  \\$aWR14_159$b00$c20141016$lBLL01$h1656
=CAT  \\$aWR14_181$c20150323$lBLL01$h1403
=CAT  \\$aW1606-1753$c20171028$lBLL01$h1604
=SRC  \\$aBLWrongdoing
=LAS  \\$aW1606-1753$b00$c20171028$lBLL01$h1604

