=LDR  02505 am a2200517 a 4500
=001  016894597
=003  Uk
=005  20140524102649.0
=006  m\\\\||\\d\|\\\\\\
=007  cr\|||||||||||
=008  131212q18011850sp\a\\\\o\\\\\000\0\spa\d
=FMT  \\$a  BK
=040  \\$aUkCU$beng$cUkCU$dUk
=245  03$aLa renegada de Valladolid :$bDe la maravillosa historia que se contiene en este gustoso tratado, que declara como una muger natural de Valladolid, llamada Agueda de Azevedo, siendo cautiva quando se perdió Buxia, negó la ley de Dios nuestro Señor y se casó con un moro, habiendo vivido 27 años en la secta de Mahoma : declárase como Dios le envió un hermano suoy [sic] sacerdote, que le sirvió tres años de esclavo sin conocerse, y al cabo de este tiempo por una conversacion que tuvieron, se conocieron los dos hermano y hermana, llorando ambos de contento : primera parte.
=246  30$aDe la maravillosa historia que se contiene en este gustoso tratado
=260  \\$aCon licencia en Córdoba :$bEn la imprenta de Don Rafael Garcia Rodriguez, calle de la Librería,$c[between 1801 and 1850?]
=300  \\$a1 online resource
=336  \\$atext$2rdacontent
=337  \\$acomputer$2rdamedia
=338  \\$aonline resources$2rdacarrier
=500  \\$aText printed in two columns.
=500  \\$aIn verse.
=500  \\$aTwo separate illustrations at head of title.
=500  \\$aCaption title.
=500  \\$aImprint from colophon.
=500  \\$a"Núm. 215."
=599  \\$aItem no. T61 in volume 11450.h.5.$5Uk
=533  \\$aElectronic Reproduction$bLondon$cBritish Library$d2012$nItem no. T61 in volume 11450.h.5.$5Uk
=650  \0$aChristianity and other religions$xIslam.
=650  \0$aIslam$xRelations$xChristianity.
=650  \0$aRepentance$xChristianity.
=650  \4$aCristianismo y otras religiones$xIslamismo.
=650  \4$aIslamismo$xRelaciones$xCristianismo.
=650  \4$aArrepentimiento$xCristianismo.
=650  \4$aEsclavos.
=655  \7$aChapbooks$zSpain.$2rbgenr
=662  \\$aSpain$dValladolid$2lcsh-naf
=662  \\$aItaly$dRome$2lcsh-naf
=752  \\$aSpain$dCórdoba.
=856  40$uhttp://cudl.lib.cam.ac.uk/view/PR-11450-H-00005-00061$yCambridge Digital Library
=859  \\$aXLD$bCambridge Digital Library
=CAT  \\$aWR14_159$b00$c20141016$lBLL01$h1656
=CAT  \\$aWR14_181$c20150323$lBLL01$h1403
=CAT  \\$aW1606-1753$c20171028$lBLL01$h1604
=SRC  \\$aBLWrongdoing
=LAS  \\$aW1606-1753$b00$c20171028$lBLL01$h1604

