=LDR  01708 am a2200481 a 4500
=001  016894599
=003  Uk
=005  20131213170346.0
=006  m\\\\||\\d\|\\\\\\
=007  cr\|||||||||||
=008  131212q18011850sp\a\\\\o\\\\\000\0\spa\\
=FMT  \\$a  BK
=040  \\$aUkCU$beng$cUkCU$dUk
=245  00$aRomance de la baraja.
=260  \\$aCon licencia en Córdoba :$bEn la imprenta de Don Rafael Garcia Rodriguez, calle de la Librería,$c[between 1801 and 1850?]
=300  \\$a1 online resource
=336  \\$atext$2rdacontent
=337  \\$acomputer$2rdamedia
=338  \\$aonline resources$2rdacarrier
=500  \\$aText printed in two columns.
=500  \\$aIn verse.
=500  \\$aTwo separate illustrations at head of title.
=500  \\$aCaption title.
=500  \\$aImprint from colophon.
=500  \\$a"Núm. 261."
=599  \\$aItem no. T64 in volume 11450.h.5.$5Uk
=533  \\$aElectronic Reproduction$bLondon$cBritish Library$d2012$nItem no. T64 in volume 11450.h.5.$5Uk
=650  \4$aMiguel de Ricart (Fictitious character)
=650  \0$aSatire, Spanish.
=650  \4$aSátira española.
=650  \4$aSoldados.
=650  \4$aBarajas.
=653  \1$aMiguel de Ricart (Personaje ficticio)
=655  \7$aChapbooks$zSpain.$2rbgenr
=662  \\$aBelarus$dBrest$2lcsh-naf
=752  \\$aSpain$dCórdoba.
=856  40$uhttp://cudl.lib.cam.ac.uk/view/PR-11450-H-00005-00064$yCambridge Digital Library
=859  \\$aXLD$bCambridge Digital Library
=CAT  \\$aWR14_159$b00$c20141016$lBLL01$h1656
=CAT  \\$aWR14_181$c20150323$lBLL01$h1403
=CAT  \\$aW1606-1753$c20171028$lBLL01$h1604
=SRC  \\$aBLWrongdoing
=LAS  \\$aW1606-1753$b00$c20171028$lBLL01$h1604

