=LDR  01676 am a2200445 a 4500
=001  016894600
=003  Uk
=005  20131213154124.0
=006  m\\\\||\\d\|\\\\\\
=007  cr\|||||||||||
=008  131212q18011850sp\a\\\\o\\\\\000\0\spa\d
=FMT  \\$a  BK
=040  \\$aUkCU$beng$cUkCU$dUk
=245  00$aFamosos romances de El Cid Campeador :$bprimera parte.
=246  30$aDe El Cid Campeador
=260  \\$aCon licencia en Córdoba :$bEn la imprenta de Don Rafael Garcia Rodriguez, calle de la Librería,$c[between 1801 and 1850?]
=300  \\$a1 online resource
=336  \\$atext$2rdacontent
=337  \\$acomputer$2rdamedia
=338  \\$aonline resources$2rdacarrier
=500  \\$aText printed in two columns.
=500  \\$aIn verse.
=500  \\$aIllustration at head of title; second part with additional illustration at head of title.
=500  \\$aCaption title.
=500  \\$aImprint from colophon.
=500  \\$a"Núm. 224."
=500  \\$aIn two parts.
=599  \\$aItem no. T67 in volume 11450.h.5.$5Uk
=533  \\$aElectronic Reproduction$bLondon$cBritish Library$d2012$nItem no. T67 in volume 11450.h.5.$5Uk
=600  00$aCid,$dapproximately 1043-1099.
=600  04$aCid,$daproximadamente 1043-1099.
=655  \7$aChapbooks$zSpain.$2rbgenr
=752  \\$aSpain$dCórdoba.
=856  40$uhttp://cudl.lib.cam.ac.uk/view/PR-11450-H-00005-00067$yCambridge Digital Library
=859  \\$aXLD$bCambridge Digital Library
=CAT  \\$aWR14_159$b00$c20141016$lBLL01$h1656
=CAT  \\$aWR14_181$c20150323$lBLL01$h1403
=CAT  \\$aW1606-1753$c20171028$lBLL01$h1604
=SRC  \\$aBLWrongdoing
=LAS  \\$aW1606-1753$b00$c20171028$lBLL01$h1604

