=LDR  01536 am a2200397 a 4500
=001  016894601
=003  Uk
=005  20131213114516.0
=006  m\\\\||\\d\|\\\\\\
=007  cr\|||||||||||
=008  131213q17571837sp\a\\\\o\\\\\000\0\spa\d
=FMT  \\$a  BK
=040  \\$aUkCU$beng$cUkCU$dUk
=245  00$aRomance famoso en que se refieren las grandes hazañas del valiente Negro en Flandes, llamado Juan de Alva :$by lo mucho que el Rey nuestro Señor le premió sus hechos.
=260  \\$a[S.l. :$bs.n.,$cbetween 1757 and 1837]
=300  \\$a1 online resource
=336  \\$atext$2rdacontent
=337  \\$acomputer$2rdamedia
=338  \\$aonline resources$2rdacarrier
=500  \\$aText printed in two columns.
=500  \\$aIn verse.
=500  \\$aThree separate illustrations below title.
=500  \\$aCaption title.
=500  \\$aImprint from colophon.
=599  \\$aItem no. T70 in volume 11450.h.5.$5Uk
=533  \\$aElectronic Reproduction$bLondon$cBritish Library$d2012$nItem no. T70 in volume 11450.h.5.$5Uk
=650  \4$aJuan de Alva (Fictitious charachter)
=653  \1$aJuan de Alva (Personaje ficticio)
=655  \7$aChapbooks$zSpain.$2rbgenr
=856  40$uhttp://cudl.lib.cam.ac.uk/view/PR-11450-H-00005-00070$yCambridge Digital Library
=859  \\$aXLD$bCambridge Digital Library
=CAT  \\$aWR14_159$b00$c20141016$lBLL01$h1656
=CAT  \\$aWR14_181$c20150323$lBLL01$h1403
=CAT  \\$aW1606-1753$c20171028$lBLL01$h1604
=SRC  \\$aBLWrongdoing
=LAS  \\$aW1606-1753$b00$c20171028$lBLL01$h1604

