=LDR  02317 am a2200541 a 4500
=001  016894607
=003  Uk
=005  20131213165154.0
=006  m\\\\||\\d\|\\\\\\
=007  cr\|||||||||||
=008  131213q18011850sp\a\\\\o\\\\\000\0\spa\\
=FMT  \\$a  BK
=040  \\$aUkCU$beng$cUkCU$dUk
=245  03$aLa princesa cautiva :$bNuevo y curioso romance de una princesa cautiva rescatada por un caballero mercader : dase cuenta como fue desposado con ella, sin saber con quien se casaba : como fue robada de un traidor capitan, con todo lo demas que verá el discreto lector : primera parte
=246  30$aNuevo y curioso romance de una pricesa cautiva rescatada por un caballero mercader
=260  \\$aCon licencia en Córdoba :$bEn la imprenta de Don Rafael Garcia Rodriguez, calle de la Librería,$c[between 1801 and 1850?]
=300  \\$a1 online resource
=336  \\$atext$2rdacontent
=337  \\$acomputer$2rdamedia
=338  \\$aonline resources$2rdacarrier
=500  \\$aText printed in two columns.
=500  \\$aIn verse.
=500  \\$aIllustration at head of title; second part with additional illustration at head of title.
=500  \\$aCaption title.
=500  \\$aImprint from colophon.
=500  \\$a"Núm. 195."
=500  \\$aIn two parts.
=599  \\$aItem no. T77 in volume 11450.h.5.$5Uk
=533  \\$aElectronic Reproduction$bLondon$cBritish Library$d2012$nItem no. T77 in volume 11450.h.5.$5Uk
=650  \0$aChristianity and other religions$xIslam.
=650  \0$aIslam$xRelations$xChristianity.
=650  \4$aCristianismo y otras religiones$xIslamismo.
=650  \4$aIslamismo$xRelaciones$xCristianismo.
=650  \4$aCautivos.
=650  \4$aPrincesas.
=650  \4$aComerciantes.
=655  \7$aChapbooks$zSpain.$2rbgenr
=662  \\$aItaly$dVenice$2lcsh-naf
=662  \\$aTunisia$2lcsh-naf
=700  1\$aGarcía Tena, Fausto,$dfl. 1844-1874,$eprinter.$5Uk
=752  \\$aSpain$dCórdoba.
=856  40$uhttp://cudl.lib.cam.ac.uk/view/PR-11450-H-00005-00077$yCambridge Digital Library
=859  \\$aXLD$bCambridge Digital Library
=CAT  \\$aWR14_159$b00$c20141016$lBLL01$h1656
=CAT  \\$aWR14_181$c20150323$lBLL01$h1403
=CAT  \\$aW1606-1753$c20171028$lBLL01$h1604
=SRC  \\$aBLWrongdoing
=LAS  \\$aW1606-1753$b00$c20171028$lBLL01$h1604

