=LDR  02373 am a2200505 a 4500
=001  016894608
=003  Uk
=005  20131220123934.0
=006  m\\\\||\\d\|\\\\\\
=007  cr\|||||||||||
=008  131220q17461774sp\a\\\\o\\\\\000\0\spa\d
=FMT  \\$a  BK
=040  \\$aUkCU$beng$cUkCU$dUk
=245  00$aRomance nuevo del noble castellano D. Juan de la Tierra y la bella napolitana :$brefierense los lances de este caballero, como por su valor libró la vida à su rey y marchando luego à Nápoles, se enamoró de una dama de aquel reino, valiendose de varias estratagemas : con lo demas que verá el curioso lector : primera parte.
=246  30$aD. Juan de la Tierra
=260  \\$aCon licencia Valencia :$bImprenta de Laborda, en la Bolsería, n. 18,$c[between 1746 and 1774]
=300  \\$a1 online resource
=336  \\$atext$2rdacontent
=337  \\$acomputer$2rdamedia
=338  \\$aonline resources$2rdacarrier
=500  \\$aText printed in two columns.
=500  \\$aIn verse.
=500  \\$aIllustration at head of title.
=500  \\$aCaption title.
=500  \\$aImprint from colophon.
=500  \\$a"Núm. 162."
=500  \\$aIn two parts. Part two has title: "Segunda parte del noble castellano Don Juan de la Tierra y la bella napolitana : finalízanse los amorosos lances de este caballero, como llegó à ser Grande de España y Señor de Illescas, con lo demas que verá el curioso."
=599  \\$aItem no. T81 in volume 11450.h.5.$5Uk
=533  \\$aElectronic Reproduction$bLondon$cBritish Library$d2012$nItem no. T81 in volume 11450.h.5.$5Uk
=650  \4$aJuan de la Tierra (Fictitious character)
=650  \4$aSoldados.
=650  \4$aComerciantes.
=653  \1$aJuan de la Tierra (Personaje ficticio)
=655  \7$aChapbooks$zSpain.$2rbgenr
=662  \\$aSpain$dIllescas$2lcsh-naf
=662  \\$aItaly$dNaples$2lcsh-naf
=740  02$aSegunda parte del noble castellano Don Juan de la Tierra y la bella napolitana.
=752  \\$aSpain$dValencia.
=856  40$uhttp://cudl.lib.cam.ac.uk/view/PR-11450-H-00005-00081$yCambridge Digital Library
=859  \\$aXLD$bCambridge Digital Library
=CAT  \\$aWR14_159$b00$c20141016$lBLL01$h1656
=CAT  \\$aWR14_181$c20150323$lBLL01$h1403
=CAT  \\$aW1606-1753$c20171028$lBLL01$h1604
=SRC  \\$aBLWrongdoing
=LAS  \\$aW1606-1753$b00$c20171028$lBLL01$h1604

