=LDR  01802cam a2200457 a 4500
=001  016894610
=003  Uk
=005  20131220123845.0
=006  m\\\\||\\d\|\\\\\\
=007  cr\|||||||||||
=008  131220q17571837sp\a\\\\o\\\\\000\0\spa\d
=FMT  \\$a  BK
=040  \\$aUkCU$beng$cUkCU$dUk
=245  00$aNueva relacion y verdadero romance en que se refiere el infeliz cautiverio y loables aventuras de Andrónico, natural de Esclavonia :$bdase cuenta de los amores que tuvo y de lo que sucedió con un leon, que reconocido á los beneficios que de él habia recibido, se humilló á sus pies : con lo demas que verá el curioso lector.
=260  \\$a[S.l. :$bs.n.,$c[between 1757 and 1837]
=300  \\$a1 online resource
=336  \\$atext$2rdacontent
=337  \\$acomputer$2rdamedia
=338  \\$aonline resources$2rdacarrier
=500  \\$aText printed in two columns.
=500  \\$aIn verse.
=500  \\$aIllustration at head of title.
=500  \\$aCaption title.
=500  \\$aImprint from colophon.
=500  \\$a"Núm. 17."
=599  \\$aItem no. T84 in volume 11450.h.5.$5Uk
=533  \\$aElectronic Reproduction$bLondon$cBritish Library$d2012$nItem no. T84 in volume 11450.h.5.$5Uk
=650  \0$aLion.
=650  \0$aEnslaved persons.
=650  \4$aLeones.
=650  \4$aEsclavos.
=655  \7$aChapbooks$zSpain.$2rbgenr
=662  \\$aNumidia$2lcsh-naf
=856  40$uhttp://cudl.lib.cam.ac.uk/view/PR-11450-H-00005-00084$yCambridge Digital Library
=859  \\$aXLD$bCambridge Digital Library
=CAT  \\$aWR14_159$b00$c20141016$lBLL01$h1656
=CAT  \\$aWR14_181$c20150323$lBLL01$h1403
=CAT  \\$aW1606-1753$c20171028$lBLL01$h1604
=CAT  \\$a11249$b40$c20230601$lBLL01$h1439
=SRC  \\$aBLWrongdoing
=LAS  \\$a11249$b40$c20230601$lBLL01$h1439

