=LDR  01783 am a2200445 a 4500
=001  016894612
=003  Uk
=005  20131220164350.0
=006  m\\\\||\\d\|\\\\\\
=007  cr\|||||||||||
=008  131220q17571837sp\a\\\\o\\\\\000\0\spa\d
=FMT  \\$a  BK
=040  \\$aUkCU$beng$cUkCU$dUk
=245  00$aFolias curiosas y discretas que compuso un galàn para rendir y obligar à su dama y explicarle la firmeza y constancia de su noble corazon :$by lo mucho que padecìa y penaba por su hermosura y belleza : compuesto en este presente año.
=260  \\$a[S.l. :$bs.n.,$cbetween 1757 and 1837]
=300  \\$a1 online resource
=336  \\$atext$2rdacontent
=337  \\$acomputer$2rdamedia
=338  \\$aonline resources$2rdacarrier
=500  \\$aText printed in two columns.
=500  \\$aIn verse.
=500  \\$aIllustration at head of title.
=500  \\$aCaption title.
=500  \\$aImprint from colophon.
=505  0\$aFolias segundas de rendimiento de amor -- Folias glossadas con buen estilo -- Respuesta de la dama.
=599  \\$aItem no. T87 in volume 11450.h.5.$5Uk
=533  \\$aElectronic Reproduction$bLondon$cBritish Library$d2012$nItem no. T87 in volume 11450.h.5.$5Uk
=650  \0$aMan-woman relationships.
=650  \0$aCourtship.
=650  \4$aRelaciones hombre-mujer.
=650  \4$aCortejo amoroso.
=655  \7$aChapbooks$zSpain.$2rbgenr
=752  \\$aSpain$dCórdoba.
=856  40$uhttp://cudl.lib.cam.ac.uk/view/PR-11450-H-00005-00087$yCambridge Digital Library
=859  \\$aXLD$bCambridge Digital Library
=CAT  \\$aWR14_159$b00$c20141016$lBLL01$h1656
=CAT  \\$aWR14_181$c20150323$lBLL01$h1403
=CAT  \\$aW1606-1753$c20171028$lBLL01$h1604
=SRC  \\$aBLWrongdoing
=LAS  \\$aW1606-1753$b00$c20171028$lBLL01$h1604

