=LDR  01933 am a2200469 a 4500
=001  016894613
=003  Uk
=005  20140530172618.0
=006  m\\\\||\\d\|\\\\\\
=007  cr\|||||||||||
=008  131220s1758\\\\sp\a\\\\o\\\\\000\0\spa\d
=FMT  \\$a  BK
=040  \\$aUkCU$beng$cUkCU$dUk
=245  00$aRelacion nueva Agravio desagraviado y la verdad con su triumpho :$bel valor bien empleado por la hermosa Doña Blanca.
=246  30$aValor bien empleado por la hermosa Doña Blanca
=260  \\$aCon licencia en Madrid :$bEn la imprenta de Francisco Xavier Garcia, calle de los Capellanes, se hallarà en casa de Andrès de Sotos, Lonja de Papel, mas abaxo de la Porterìa de San Martin,$caño de 1758.
=300  \\$a1 online resource
=336  \\$atext$2rdacontent
=337  \\$acomputer$2rdamedia
=338  \\$aonline resources$2rdacarrier
=500  \\$aText printed in two columns.
=500  \\$aIn verse.
=500  \\$aTwo separate illustrations at head of title.
=500  \\$aCaption title.
=500  \\$aImprint from colophon.
=599  \\$aItem no. T88 in volume 11450.h.5.$5Uk
=533  \\$aElectronic Reproduction$bLondon$cBritish Library$d2012$nItem no. T88 in volume 11450.h.5.$5Uk
=650  \0$aCourage.
=650  \4$aValentía.
=655  \7$aChapbooks$zSpain.$2rbgenr
=662  \\$aFlanders$2lcsh-naf
=662  \\$aFrance$dParis$2lcsh-naf
=700  1\$aGarcia, Francisco Xavier,$d1753-approximately 1781,$eprinter.$5Uk
=700  1\$aSotos, Andrés de,$dactive 1764-1792,$ebookseller.$5Uk
=752  \\$aSpain$dMadrid.
=856  40$uhttp://cudl.lib.cam.ac.uk/view/PR-11450-H-00005-00088$yCambridge Digital Library
=859  \\$aXLD$bCambridge Digital Library
=CAT  \\$aWR14_159$b00$c20141016$lBLL01$h1656
=CAT  \\$aWR14_181$c20150323$lBLL01$h1403
=CAT  \\$aW1606-1753$c20171028$lBLL01$h1604
=SRC  \\$aBLWrongdoing
=LAS  \\$aW1606-1753$b00$c20171028$lBLL01$h1604

