=LDR  02416 am a2200505 a 4500
=001  016894614
=003  Uk
=005  20131220173057.0
=006  m\\\\||\\d\|\\\\\\
=007  cr\|||||||||||
=008  131220q17571837sp\a\\\\o\\\\\000\0\spa\d
=FMT  \\$a  BK
=040  \\$aUkCU$beng$cUkCU$dUk
=245  00$aPrimera parte de los varios sucessos que Don Rodrigo Zarzara tuvo por los amores de una hermosa dama llamada Doña Jacinta :$by como fue cautivado por los moros y despues se huyò con una cautiva, casada con un cavallero de Argèl, y otros muchos christianos à España : con todo lo demàs que verà el curioso lector.
=246  30$aDe los varios sucessos que Don Rodrigo Zarzara tuvo por los amores de una hermosa dama
=260  \\$a[S.l. :$bs.n.,$cbetween 1757 and 1837]
=300  \\$a1 online resource
=336  \\$atext$2rdacontent
=337  \\$acomputer$2rdamedia
=338  \\$aonline resources$2rdacarrier
=500  \\$aText printed in two columns.
=500  \\$aIn verse.
=500  \\$aTwo separate iIllustrations at head of title; second part with two additional illustrations at head of title.
=500  \\$aCaption title.
=500  \\$aImprint from colophon.
=500  \\$aIn two parts. Part two has title: "Segunda parte de Don Rodrigo Zarzara : refierese lo que sucediò à la cautiva que se vino con èl à España, y los grandes estragos que passaron en los moros."
=599  \\$aItem no. T89 in volume 11450.h.5.$5Uk
=533  \\$aElectronic Reproduction$bLondon$cBritish Library$d2012$nItem no. T89 in volume 11450.h.5.$5Uk
=650  \0$aChristianity and other religions$xIslam.
=650  \0$aIslam$xRelations$xChristianity.
=650  \4$aCristianismo y otras religiones$xIslamismo.
=650  \4$aIslamismo$xRelaciones$xCristianismo.
=650  \4$aRodrigo Zarzara (Fictitious character)
=650  \4$aCautivos.
=653  \1$aRodrigo Zarzara (Personaje ficticio)
=655  \7$aChapbooks$zSpain.$2rbgenr
=662  \\$aAlgeria$2lcsh-naf
=740  02$aSegunda parte de Don Rodrigo Zarzara.
=856  40$uhttp://cudl.lib.cam.ac.uk/view/PR-11450-H-00005-00089$yCambridge Digital Library
=859  \\$aXLD$bCambridge Digital Library
=CAT  \\$aWR14_159$b00$c20141016$lBLL01$h1656
=CAT  \\$aWR14_181$c20150323$lBLL01$h1403
=CAT  \\$aW1606-1753$c20171028$lBLL01$h1604
=SRC  \\$aBLWrongdoing
=LAS  \\$aW1606-1753$b00$c20171028$lBLL01$h1604

