=LDR  02178 am a2200553 i 4500
=001  016894616
=003  Uk
=005  20140602091953.0
=006  m\\\\||\\d\|\\\\\\
=007  cr\|||||||||||
=008  131221q17001850sp\a\\\\o\\\\\000\0\spa\\
=FMT  \\$a  BK
=040  \\$aUkCU$beng$cUkCU$dUk
=245  00$aPrimera parte de los romances de Doña Juana de Acevedo.
=260  \\$aCon licencia en Málaga :$bEn la imprenta y libreria de D. Felix de Casas y Martinez, frente el Sto. Cristo de la Salud ...,$c[between 1781 and 1793?]
=300  \\$a1 online resource
=336  \\$atext$2rdacontent
=337  \\$acomputer$2rdamedia
=338  \\$aonline resources$2rdacarrier
=500  \\$aText printed in two columns.
=500  \\$aIllustration at head of title.
=500  \\$aIn verse.
=500  \\$aCaption title.
=500  \\$aImprint from colophon.
=500  \\$a"19"
=500  \\$aIn two parts. Part two has title: "Segunda parte de los romances de Doña Juana de Acevedo."
=599  \\$aItem no. T5 in volume 11450.e.5.$5Uk
=599  \\$aLibrary copy has pt. 2 bound after item T4.$5UkCU
=533  \\$aElectronic Reproduction$bLondon$cBritish Library$d2012$nItem no. T5 in volume 11450.e.5.$nLibrary copy has pt. 2 bound after item T4.$5Uk
=650  \4$aJuana de Acevedo (Fictitious character)
=650  \4$aAlonso Romero (Fictitious character)
=650  \0$aBrigands and robbers.
=650  \0$aViolent crimes.
=650  \4$aBandoleros.
=650  \4$aDelitos violentos.
=650  \4$aToros.
=653  \1$aJuana de Acevedo (Personaje ficticio)
=653  \1$aAlonso Romero (Personaje ficticio)
=655  \7$aChapbooks$zSpain.$2rbgenr
=662  \\$aSpain$dSeville$2lcsh-naf
=740  02$aSegunda parte de los romances de Doña Juana de Acevedo.
=752  \\$aSpain$dMálaga.
=856  40$uhttp://cudl.lib.cam.ac.uk/view/PR-11450-E-00005-00005$yCambridge Digital Library
=859  \\$aXLD$bCambridge Digital Library
=CAT  \\$aWR14_159$b00$c20141016$lBLL01$h1656
=CAT  \\$aWR14_181$c20150323$lBLL01$h1403
=CAT  \\$aW1606-1753$c20171028$lBLL01$h1604
=SRC  \\$aBLWrongdoing
=LAS  \\$aW1606-1753$b00$c20171028$lBLL01$h1604

