=LDR  01948 am a2200445 i 4500
=001  016894617
=003  Uk
=005  20140602092016.0
=006  m\\\\||\\d\|\\\\\\
=007  cr\|||||||||||
=008  131221q17001850sp\a\\\\o\\\\\000\0\spa\\
=FMT  \\$a  BK
=040  \\$aUkCU$beng$cUkCU$dUk
=043  \\$ae-sp---
=245  00$aNuevo y curioso romance en el que se dá cuenta de la vida, prisión y muerte de siete hermanos vandoleros y en que se refieren las grandes crueldades, insultos, muertes y robos que hizo Andrès Vazquez y sus hermanos como lo verá el curioso letor :$blos nombres de cada uno son Manuel, Juan, Francisco, Pedro, Geronimo y Antonio Vazquez, castigados en Ciudad Real : sucedió en este presente año : De Andrés Vazquez y sus hermanos.
=246  30$aDe Andrés Vazquez y sus hermanos
=260  \\$a[S.l. :$bs.n.,$cbetween 1700 and 1850?]
=300  \\$a1 online resource
=336  \\$atext$2rdacontent
=337  \\$acomputer$2rdamedia
=338  \\$aonline resources$2rdacarrier
=500  \\$aText printed in two columns.
=500  \\$aIllustration at head of title.
=500  \\$aIn verse.
=500  \\$aCaption title.
=599  \\$aItem no. T6 in volume 11450.e.5.$5Uk
=533  \\$aElectronic Reproduction$bLondon$cBritish Library$d2012$nItem no. T6 in volume 11450.e.5.$5Uk
=650  \0$aBrigands and robbers$zSpain$zCiudad Real.
=650  \0$aViolent crimes.
=650  \4$aBandoleros$zEspaña$zCiudad Real.
=650  \4$aDelitos violentos.
=655  \7$aChapbooks$zSpain.$2rbgenr
=662  \\$aSpain$dCiudad Real$2lcsh-naf
=856  40$uhttp://cudl.lib.cam.ac.uk/view/PR-11450-E-00005-00006$yCambridge Digital Library
=859  \\$aXLD$bCambridge Digital Library
=CAT  \\$aWR14_159$b00$c20141016$lBLL01$h1656
=CAT  \\$aWR14_181$c20150323$lBLL01$h1403
=CAT  \\$aW1606-1753$c20171028$lBLL01$h1604
=SRC  \\$aBLWrongdoing
=LAS  \\$aW1606-1753$b00$c20171028$lBLL01$h1604

