=LDR  02612 am a2200541 i 4500
=001  016894618
=003  Uk
=005  20140602092002.0
=006  m\\\\||\\d\|\\\\\\
=007  cr\|||||||||||
=008  131221q17001850sp\a\\\\o\\\\\000\0\spa\\
=FMT  \\$a  BK
=040  \\$aUkCU$beng$cUkCU$dUk
=245  00$aPrimera parte [de] los amorosos lances y particula[re]s sucesos que acaecieron à una hermosa dama llamada [Ro]saura y à su amante D. Antonio Nar[v]aez, natural de Córdoba :$bdase cuenta del modo con que descubrió á la dama en Sierra-Morena, que la guardaba un oso y como dicho caballero lo mató : con todo lo demàs que verá el curioso lector.
=260  \\$aSe hallará en Malaga :$bEn la imprenta y librería de Casas y Martinez, frente el Sto. Cristo de la Salud ...,$c[between 1780 and 1860?]
=300  \\$a1 online resource
=336  \\$atext$2rdacontent
=337  \\$acomputer$2rdamedia
=338  \\$aonline resources$2rdacarrier
=500  \\$aText printed in two columns.
=500  \\$aTwo separate illustrations at head of title; second part with two additional illustrations at head of title.
=500  \\$aIn verse.
=500  \\$aCaption title.
=500  \\$aImprint from colophon.
=500  \\$a"(81)"
=500  \\$aIn two parts. Part two has title: "Segunda parte [en] que se prosiguen los sucesos de Ro[s]aur a y D. Antonio de Narvaez : dase cuenta de varios lances y como se la traxo à Cordoba donde se desposaron y lo demàs que verá el curioso."
=599  \\$aItem no. T7 in volume 11450.e.5.$5Uk
=533  \\$aElectronic Reproduction$bLondon$cBritish Library$d2012$nItem no. T7 in volume 11450.e.5.$5Uk
=650  \4$aRosaura (Fictitious character)
=650  \4$aAntonio Narváez (Fictitious character)
=650  \4$aOsos.
=653  \1$aRosaura (Personaje ficticio)
=653  \1$aAntonio Narváez (Personaje ficticio)
=653  \0$aDesacuerdo familiar.
=653  \0$aInfamia.
=655  \7$aChapbooks$zSpain.$2rbgenr
=662  \\$aSpain$gSierra Morena$2lcsh-naf
=662  \\$aSpain$dMadrid$2lcsh-naf
=662  \\$aSpain$dCórdoba$2lcsh-naf
=740  02$aegunda parte en que se prosiguen los sucesos de Rosaura y D. Antonio de Narvaez.
=752  \\$aSpain$dMálaga.
=856  40$uhttp://cudl.lib.cam.ac.uk/view/PR-11450-E-00005-00007$yCambridge Digital Library
=859  \\$aXLD$bCambridge Digital Library
=CAT  \\$aWR14_159$b00$c20141016$lBLL01$h1656
=CAT  \\$aWR14_181$c20150323$lBLL01$h1403
=CAT  \\$aW1606-1753$c20171028$lBLL01$h1604
=SRC  \\$aBLWrongdoing
=LAS  \\$aW1606-1753$b00$c20171028$lBLL01$h1604

