=LDR  02269 am a2200553 i 4500
=001  016894619
=003  Uk
=005  20140602101643.0
=006  m\\\\||\\d\|\\\\\\
=007  cr\|||||||||||
=008  131221q18161852sp\a\\\\o\\\\\000\0\spa\\
=FMT  \\$a  BK
=040  \\$aUkCU$beng$cUkCU$dUk
=245  00$aJácara nueva en que se refiere un lastimoso caso que sucedió á uno doncella de la ciudad de Trujillo á la cual un amante suyo la sacó de su casa, engañada con palabra de casamiento, dejándola despues en Sierra Morena :$by el egemplar castigo que en él y á un primo suyo se ejecutó, como lo verá el curioso lector.
=260  \\$aBarcelona :$bImprenta de Ignacio Estivill, calle de la Boria,$c[between 1816 and 1852]
=300  \\$a1 online resource
=336  \\$atext$2rdacontent
=337  \\$acomputer$2rdamedia
=338  \\$aonline resources$2rdacarrier
=500  \\$aText printed in two columns.
=500  \\$aIllustration at head of title.
=500  \\$aIn verse.
=500  \\$aCaption title.
=500  \\$aImprint from colophon.
=500  \\$a"Núm. 15."
=599  \\$aItem no. T109 in volume 11450.h.4.$5Uk
=533  \\$aElectronic Reproduction$bLondon$cBritish Library$d2012$nItem no. T109 in volume 11450.h.4.$5Uk
=650  \4$aRosaura (Fictitious character)
=650  \0$aWomen$xCrimes against.
=650  \0$aRape victims.
=650  \0$aRevenge.
=650  \4$aMujeres$xDelitos contra las.
=650  \4$aVíctimas de la violación.
=650  \4$aVenganza.
=653  \0$aAlevosía.
=653  \1$aRosaura (Personaje ficticio)
=655  \7$aChapbooks$zSpain.$2rbgenr
=662  \\$aSpain$dTrujillo (Cáceres)$2lcsh-naf
=662  \\$aSpain$gSierra Morena$2lcsh-naf
=700  1\$aEstivill, Ignacio,$dactive 1816-1852$cactive 1816-1852,$eprinter.$5Uk
=752  \\$aSpain$dBarcelona.
=856  40$uhttp://cudl.lib.cam.ac.uk/view/PR-11450-H-00004-00109$yCambridge Digital Library
=859  \\$aXLD$bCambridge Digital Library
=CAT  \\$aWR14_159$b00$c20141016$lBLL01$h1656
=CAT  \\$aBATCH-UPD$b00$c20141016$lBLL01$h1711
=CAT  \\$aWR14_181$c20150323$lBLL01$h1403
=CAT  \\$aW1606-1753$c20171028$lBLL01$h1604
=SRC  \\$aBLWrongdoing
=LAS  \\$aW1606-1753$b00$c20171028$lBLL01$h1604

