=LDR  02134 am a2200505 a 4500
=001  016894624
=003  Uk
=005  20140117152456.0
=006  m\\\\||\\d\|\\\\\\
=007  cr\|||||||||||
=008  140117q17461774sp\a\\\\o\\\\\000\0\spa\d
=FMT  \\$a  BK
=040  \\$aUkCU$beng$cUkCU$dUk
=245  00$aDiscreto y nuevo romance en que se declara y dà cuenta de la peregrìna y tragica historia y los notables sucessos, muertes, robos y atrocidades que hizo un cavallero natural de la ciudad de Sevilla :$brefierese como por decretos y avisos de Dios se le apareciò visiblemente la muerte y el dichoso fin que tuvo, con todas las demàs circunstancias que veràn los discretos lectores : De Don Alonso de Castilla.
=246  30$aDe Don Alonso de Castilla
=260  \\$aSe hallarà en Valencia :$bEn la imprenta de Agustin Laborda, vive en la Bolserìa,$c[between 1746 and 1774]
=300  \\$a1 online resource
=336  \\$atext$2rdacontent
=337  \\$acomputer$2rdamedia
=338  \\$aonline resources$2rdacarrier
=500  \\$aText printed in two columns.
=500  \\$aIn verse.
=500  \\$aIllustration at head of title.
=500  \\$aCaption title.
=500  \\$aImprint from colophon.
=599  \\$aItem no. T94 in volume 11450.h.5.$5Uk
=533  \\$aElectronic Reproduction$bLondon$cBritish Library$d2012$nItem no. T94 in volume 11450.h.5.$5Uk
=650  \4$aAlonso de Castilla (Fictitious character)
=650  \0$aAtrocities.
=650  \0$aMurder.
=650  \0$aCriminals.
=650  \4$aAtrocidades.
=650  \4$aAsesinato.
=650  \4$aDelincuentes.
=653  \1$aAlonso de Castilla (Personaje ficticio)
=655  \7$aChapbooks$zSpain.$2rbgenr
=662  \\$aSpain$dSeville$2lcsh-naf
=752  \\$aSpain$dValencia.
=856  40$uhttp://cudl.lib.cam.ac.uk/view/PR-11450-H-00005-00094$yCambridge Digital Library
=859  \\$aXLD$bCambridge Digital Library
=CAT  \\$aWR14_159$b00$c20141016$lBLL01$h1656
=CAT  \\$aWR14_181$c20150323$lBLL01$h1403
=CAT  \\$aW1606-1753$c20171028$lBLL01$h1604
=SRC  \\$aBLWrongdoing
=LAS  \\$aW1606-1753$b00$c20171028$lBLL01$h1604

