=LDR  01982 am a2200445 a 4500
=001  016894625
=003  Uk
=005  20140117153309.0
=006  m\\\\||\\d\|\\\\\\
=007  cr\|||||||||||
=008  140117q17571837sp\a\\\\o\\\\\000\0\spa\d
=FMT  \\$a  BK
=040  \\$aUkCU$beng$cUkCU$dUk
=245  00$aRomance de el cautivo de Girona, en que se dà cuenta como escriviò à su padre desde Argèl los trabajos que padecìa :$bcon todo lo demàs que verà el curioso lector : primera parte.
=260  \\$a[S.l. :$bs.n.,$cbetween 1757 and 1837]
=300  \\$a1 online resource
=336  \\$atext$2rdacontent
=337  \\$acomputer$2rdamedia
=338  \\$aonline resources$2rdacarrier
=500  \\$aText printed in two columns.
=500  \\$aIn verse.
=500  \\$aIllustration incorporated within title; second part with additional illustration incorporated within title.
=500  \\$aCaption title.
=500  \\$aIn two parts. Part two has title: "Segunda parte del cautivo de Girona, en que se refiere la respuesta que embiò el padre à su hijo, consolandolo en sus trabajos, y de la forma que fue rescatado."
=599  \\$aItem no. T95 in volume 11450.h.5.$5Uk
=533  \\$aElectronic Reproduction$bLondon$cBritish Library$d2012$nItem no. T95 in volume 11450.h.5.$5Uk
=650  \0$aFathers and sons.
=650  \4$aPadres e hijos.
=650  \4$aCautivos.
=655  \7$aChapbooks$zSpain.$2rbgenr
=662  \\$aSpain$dGerona$2lcsh-naf
=662  \\$aAlgeria$2lcsh-naf
=740  02$aSegunda parte del cautivo de Girona, en que se refiere la respuesta que embiò el padre à su hijo.
=856  40$uhttp://cudl.lib.cam.ac.uk/view/PR-11450-H-00005-00095$yCambridge Digital Library
=859  \\$aXLD$bCambridge Digital Library
=CAT  \\$aWR14_159$b00$c20141016$lBLL01$h1656
=CAT  \\$aWR14_181$c20150323$lBLL01$h1403
=CAT  \\$aW1606-1753$c20171028$lBLL01$h1604
=SRC  \\$aBLWrongdoing
=LAS  \\$aW1606-1753$b00$c20171028$lBLL01$h1604

