=LDR  01636 am a2200433 a 4500
=001  016894627
=003  Uk
=005  20140117160105.0
=006  m\\\\||\\d\|\\\\\\
=007  cr\|||||||||||
=008  140117q17571837sp\a\\\\o\\\\\000\0\spa\d
=FMT  \\$a  BK
=040  \\$aUkCU$beng$cUkCU$dUk
=245  00$aRelacion de muda soledad de un amante que no explicaba su amor /$cde un ingenio cordoves.
=260  \\$a[S.l. :$bs.n.,$cbetween 1757 and 1837]
=300  \\$a1 online resource
=336  \\$atext$2rdacontent
=337  \\$acomputer$2rdamedia
=338  \\$aonline resources$2rdacarrier
=500  \\$aText printed in two columns.
=500  \\$aIn verse.
=500  \\$aIllustration at head of title; second part with additional illustration at head of title.
=500  \\$aCaption title.
=500  \\$aIn two parts. Part two has title: "Segunda relacion nueva trovando à la de Muda soledad."
=599  \\$aItem no. T97 in volume 11450.h.5.$5Uk
=533  \\$aElectronic Reproduction$bLondon$cBritish Library$d2012$nItem no. T97 in volume 11450.h.5.$5Uk
=650  \0$aLoneliness.
=650  \0$aLove.
=650  \4$aSoledad.
=650  \4$aAmor.
=655  \7$aChapbooks$zSpain.$2rbgenr
=740  02$aSegunda relacion nueva trovando à la de Muda soledad.
=856  40$uhttp://cudl.lib.cam.ac.uk/view/PR-11450-H-00005-00097$yCambridge Digital Library
=859  \\$aXLD$bCambridge Digital Library
=CAT  \\$aWR14_159$b00$c20141016$lBLL01$h1656
=CAT  \\$aWR14_181$c20150323$lBLL01$h1403
=CAT  \\$aW1606-1753$c20171028$lBLL01$h1604
=SRC  \\$aBLWrongdoing
=LAS  \\$aW1606-1753$b00$c20171028$lBLL01$h1604

