=LDR  02057 am a2200553 a 4500
=001  016894630
=003  Uk
=005  20140117161315.0
=006  m\\\\||\\d\|\\\\\\
=007  cr\|||||||||||
=008  140117q17571837sp\a\\\\o\\\\\000\0\spa\d
=FMT  \\$a  BK
=040  \\$aUkCU$beng$cUkCU$dUk
=245  00$aPrimera parte de los romances de la peregrina doctora.
=260  \\$a[S.l. :$bs.n.,$cbetween 1757 and 1837]
=300  \\$a1 online resource
=336  \\$atext$2rdacontent
=337  \\$acomputer$2rdamedia
=338  \\$aonline resources$2rdacarrier
=500  \\$aText printed in two columns.
=500  \\$aIn verse.
=500  \\$aIllustration at head of title; second part with additional illustration at head of title.
=500  \\$aCaption title.
=500  \\$a"(60)."
=500  \\$aIn two parts. Part two has title: Segunda parte de los romances de la peregrina doctora.
=599  \\$aItem no. T100 in volume 11450.h.5.$5Uk
=533  \\$aElectronic Reproduction$bLondon$cBritish Library$d2012$nItem no. T100 in volume 11450.h.5.$5Uk
=600  00$aMary,$cBlessed Virgin, Saint$xApparitions and miracles.
=600  04$aVirgen María$xApariciones y milagros.
=650  \4$aInés Portocarrero (Fictitious character)
=650  \0$aWomen$xCrimes against.
=650  \0$aRevenge.
=650  \0$aAtrocities.
=650  \4$aMujeres$xDelitos contra las.
=650  \4$aVenganza.
=650  \4$aAtrocidades.
=650  \4$aCuranderos.
=650  \4$aLeones.
=653  \1$aInés Portocarrero (Personaje ficticio)
=655  \7$aChapbooks$zSpain.$2rbgenr
=662  \\$aPortugal$dLisbon$2lcsh-naf
=740  02$aSegunda parte de los romances de la peregrina doctora.
=856  40$uhttp://cudl.lib.cam.ac.uk/view/PR-11450-H-00005-00100$yCambridge Digital Library
=859  \\$aXLD$bCambridge Digital Library
=CAT  \\$aWR14_159$b00$c20141016$lBLL01$h1656
=CAT  \\$aWR14_181$c20150323$lBLL01$h1403
=CAT  \\$aW1606-1753$c20171028$lBLL01$h1604
=SRC  \\$aBLWrongdoing
=LAS  \\$aW1606-1753$b00$c20171028$lBLL01$h1604

