=LDR  02122 am a2200481 a 4500
=001  016894633
=003  Uk
=005  20140117171248.0
=006  m\\\\||\\d\|\\\\\\
=007  cr\|||||||||||
=008  140117q18011850sp\a\\\\o\\\\\000\0\spa\\
=FMT  \\$a  BK
=040  \\$aUkCU$beng$cUkCU$dUk
=245  03$aEl cortante de Cadiz :$bRomance en que se declara la feliz fortuna que tuvo un hijo de un cortante de la ciudad de Cádiz, llevandoselo un mercader á las Indias : dase cuenta como volvió á España y se casó con la hija del mercader que fue causa de su desgracia, siendolo tambien de su dicha y prosperidad, como mas largamente verá el lector : primera parte.
=246  30$aRomance en que se declara la feliz fortuna que tuvo un hijo de un cortante de la ciudad de Cadiz
=260  \\$aCon licencia en Córdoba :$bEn la imprenta de Don Rafael Garcia Rodriguez, calle de la Librería,$c[between 1801 and 1850?]
=300  \\$a1 online resource
=336  \\$atext$2rdacontent
=337  \\$acomputer$2rdamedia
=338  \\$aonline resources$2rdacarrier
=500  \\$aText printed in two columns.
=500  \\$aIn verse.
=500  \\$aIllustration at head of title; second part with additional illustration at head of title.
=500  \\$aCaption title.
=500  \\$aImprint from colophon.
=500  \\$a"Núm. 43."
=500  \\$aIn two parts.
=599  \\$aItem no. T104 in volume 11450.h.5.$5Uk
=533  \\$aElectronic Reproduction$bLondon$cBritish Library$d2012$nItem no. T104 in volume 11450.h.5.$5Uk
=650  \0$aRevenge.
=650  \4$aVenganza.
=650  \4$aComerciantes.
=650  \4$aEsclavos.
=662  \\$aSpain$dCádiz$2lcsh-naf
=655  \7$aChapbooks$zSpain.$2rbgenr
=752  \\$aSpain$dCórdoba.
=856  40$uhttp://cudl.lib.cam.ac.uk/view/PR-11450-H-00005-00104$yCambridge Digital Library
=859  \\$aXLD$bCambridge Digital Library
=CAT  \\$aWR14_159$b00$c20141016$lBLL01$h1656
=CAT  \\$aWR14_181$c20150323$lBLL01$h1403
=CAT  \\$aW1606-1753$c20171028$lBLL01$h1604
=SRC  \\$aBLWrongdoing
=LAS  \\$aW1606-1753$b00$c20171028$lBLL01$h1604

