=LDR  01621 am a2200481 a 4500
=001  016894634
=003  Uk
=005  20140117171756.0
=006  m\\\\||\\d\|\\\\\\
=007  cr\|||||||||||
=008  140117q17761868sp\a\\\\o\\\\\000\0\spa\d
=FMT  \\$a  BK
=040  \\$aUkCU$beng$cUkCU$dUk
=245  00$aNueva relacion del gitano de Cartagena.
=246  30$aGitano de Cartagena
=260  \\$aSe hallará en Málaga :$bEn la imprenta y libreria de Carreras ...,$c[between 1776 and 1868?]
=300  \\$a1 online resource
=336  \\$atext$2rdacontent
=337  \\$acomputer$2rdamedia
=338  \\$aonline resources$2rdacarrier
=500  \\$aText printed in two columns.
=500  \\$aIn verse.
=500  \\$aTwo separate illustrations at head of title.
=500  \\$aCaption title.
=500  \\$aImprint from colophon.
=500  \\$a"(41)"
=599  \\$aItem no. T105 in volume 11450.h.5.$5Uk
=533  \\$aElectronic Reproduction$bLondon$cBritish Library$d2012$nItem no. T105 in volume 11450.h.5.$5Uk
=650  \0$aRomanies.
=650  \0$aTheft.
=650  \4$aGitanos.
=650  \4$aRobo.
=650  \4$aPrisiones.
=655  \7$aChapbooks$zSpain.$2rbgenr
=662  \\$aSpain$dCartagena$2lcsh-naf
=752  \\$aSpain$dMálaga.
=856  40$uhttp://cudl.lib.cam.ac.uk/view/PR-11450-H-00005-00105$yCambridge Digital Library
=859  \\$aXLD$bCambridge Digital Library
=CAT  \\$aWR14_159$b00$c20141016$lBLL01$h1656
=CAT  \\$aWR14_181$c20150323$lBLL01$h1403
=CAT  \\$aW1606-1753$c20171028$lBLL01$h1604
=SRC  \\$aBLWrongdoing
=LAS  \\$aW1606-1753$b00$c20171028$lBLL01$h1604

