=LDR  02204 am a2200577 a 4500
=001  016894635
=003  Uk
=005  20140117172436.0
=006  m\\\\||\\d\|\\\\\\
=007  cr\|||||||||||
=008  140117q17761868sp\a\\\\o\\\\\000\0\spa\d
=FMT  \\$a  BK
=040  \\$aUkCU$beng$cUkCU$dUk
=245  00$aNueva relacion y curioso romance :$ben que se da cuenta de las alevosas muertes que ejecutó una muger natural de Mequinenza con sus padres, dos hermanas suyas y una criada : y el ejemplar castigo que se ejecutó con ella en el dia ocho de enero de este presente año : primera parte.
=260  \\$aReimpreso por su original de Valladolid en Málaga :$bOficina de Carreras,$c[between 1776 and 1868?]
=300  \\$a1 online resource
=336  \\$atext$2rdacontent
=337  \\$acomputer$2rdamedia
=338  \\$aonline resources$2rdacarrier
=500  \\$aText printed in two columns.
=500  \\$aIn verse.
=500  \\$aIllustration at head of title.
=500  \\$aCaption title.
=500  \\$aImprint from colophon.
=500  \\$a"(55)"
=500  \\$aIn two parts.
=599  \\$aItem no. T106 in volume 11450.h.5.$5Uk
=533  \\$aElectronic Reproduction$bLondon$cBritish Library$d2012$nItem no. T106 in volume 11450.h.5.$5Uk
=650  \0$aParricide.
=650  \0$aFratricide.
=650  \0$aAtrocities.
=650  \0$aWomen murderers.
=650  \4$aParricidio.
=650  \4$aFratricidio.
=650  \4$aAtrocidades.
=650  \4$aAsesinas.
=650  \4$aPedro Alonso (Fictitious character)
=650  \4$aJosepha de Herrera (Fictitious character)
=653  \1$aPedro Alonso (Personaje ficticio)
=653  \1$aJosepha de Herrera (Personaje ficticio)
=653  \0$aAlevosía.
=655  \7$aChapbooks$zSpain.$2rbgenr
=662  \\$aSpain$dMequinenza$2lcsh-naf
=752  \\$aSpain$dMálaga.
=856  40$uhttp://cudl.lib.cam.ac.uk/view/PR-11450-H-00005-00106$yCambridge Digital Library
=859  \\$aXLD$bCambridge Digital Library
=CAT  \\$aWR14_159$b00$c20141016$lBLL01$h1656
=CAT  \\$aWR14_181$c20150323$lBLL01$h1403
=CAT  \\$aW1606-1753$c20171028$lBLL01$h1604
=SRC  \\$aBLWrongdoing
=LAS  \\$aW1606-1753$b00$c20171028$lBLL01$h1604

