=LDR  01592 am a2200433 a 4500
=001  016894636
=003  Uk
=005  20140531102127.0
=006  m\\\\||\\d\|\\\\\\
=007  cr\|||||||||||
=008  140123q17681810sp\a\\\\o\\\\\000\0\spa\d
=FMT  \\$a  BK
=040  \\$aUkCU$beng$cUkCU$dUk
=245  00$aRomance que explica las excelencias de la seda.
=260  \\$aCon licencia en Córdoba :$bEn la imprenta de D. Juan Garcia Rodriguez de la Torre, calle de la Librería,$c[between 1768 and 1810]
=300  \\$a1 online resource
=336  \\$atext$2rdacontent
=337  \\$acomputer$2rdamedia
=338  \\$aonline resources$2rdacarrier
=500  \\$aText printed in two columns.
=500  \\$aIn verse.
=500  \\$aIllustration at head of title.
=500  \\$aCaption title.
=500  \\$aImprint from colophon.
=500  \\$a"Núm. 86."
=599  \\$aItem no. T109 in volume 11450.h.5.$5Uk
=533  \\$aElectronic Reproduction$bLondon$cBritish Library$d2012$nItem no. T109 in volume 11450.h.5.$5Uk
=650  \0$aSilk.
=650  \4$aSeda.
=655  \7$aChapbooks$zSpain.$2rbgenr
=700  1\$aGarcía Rodríguez, Juan,$dactive 1768-approximately 1810,$eprinter.$5Uk
=752  \\$aSpain$dCórdoba.
=856  40$uhttp://cudl.lib.cam.ac.uk/view/PR-11450-H-00005-00109$yCambridge Digital Library
=859  \\$aXLD$bCambridge Digital Library
=CAT  \\$aWR14_159$b00$c20141016$lBLL01$h1656
=CAT  \\$aWR14_181$c20150323$lBLL01$h1403
=CAT  \\$aW1606-1753$c20171028$lBLL01$h1604
=SRC  \\$aBLWrongdoing
=LAS  \\$aW1606-1753$b00$c20171028$lBLL01$h1604

