=LDR  02068 am a2200601 a 4500
=001  016894638
=003  Uk
=005  20140123150937.0
=006  m\\\\||\\d\|\\\\\\
=007  cr\|||||||||||
=008  140123q17501850sp\a\\\\o\\\\\000\0\spa\d
=FMT  \\$a  BK
=040  \\$aUkCU$beng$cUkCU$dUk
=245  00$aGracioso romance de los once amores nuevos.
=260  \\$a[S.l. :$bs.n.,$cbetween 1750 and 1850?]
=300  \\$a1 online resource
=336  \\$atext$2rdacontent
=337  \\$acomputer$2rdamedia
=338  \\$aonline resources$2rdacarrier
=500  \\$aText printed in two columns.
=500  \\$aIn verse.
=500  \\$aTwo separate illustrations at head of title.
=500  \\$aCaption title.
=500  \\$aImprint from colophon.
=500  \\$a"(2)"
=599  \\$aItem no. T113 in volume 11450.h.5.$5Uk
=533  \\$aElectronic Reproduction$bLondon$cBritish Library$d2012$nItem no. T113 in volume 11450.h.5.$5Uk
=650  \0$aSatire, Spanish.
=650  \0$aMisogyny.
=650  \0$aWomen$xConduct of life.
=650  \4$aSátira española.
=650  \4$aMisoginia.
=650  \4$aMujeres$xConducta de vida.
=655  \7$aChapbooks$zSpain.$2rbgenr
=662  \\$aSpain$dSalamanca$2lcsh-naf
=662  \\$aSpain$dCórdoba$2lcsh-naf
=662  \\$aSpain$dSeville$2lcsh-naf
=662  \\$aSpain$dUtrera$2lcsh-naf
=662  \\$aSpain$dBornos$2lcsh-naf
=662  \\$aSpain$dOsuna$2lcsh-naf
=662  \\$aSpain$dGranada$2lcsh-naf
=662  \\$aSpain$dAntequera$2lcsh-naf
=662  \\$aSpain$dAlcalá de los Gazules$2lcsh-naf
=662  \\$aSpain$dMedina Sidonia$2lcsh-naf
=662  \\$aSpain$dCádiz$2lcsh-naf
=662  \\$aSpain$dJerez de la Frontera$2lcsh-naf
=856  40$uhttp://cudl.lib.cam.ac.uk/view/PR-11450-H-00005-00113$yCambridge Digital Library
=859  \\$aXLD$bCambridge Digital Library
=CAT  \\$aWR14_159$b00$c20141016$lBLL01$h1656
=CAT  \\$aWR14_181$c20150323$lBLL01$h1403
=CAT  \\$aW1606-1753$c20171028$lBLL01$h1604
=SRC  \\$aBLWrongdoing
=LAS  \\$aW1606-1753$b00$c20171028$lBLL01$h1604

