=LDR  01512 am a2200421 a 4500
=001  016894639
=003  Uk
=005  20140123152850.0
=006  m\\\\||\\d\|\\\\\\
=007  cr\|||||||||||
=008  140123q17571837sp\\\\\\o\\\\\000\0\spa\d
=FMT  \\$a  BK
=040  \\$aUkCU$beng$cUkCU$dUk
=245  00$aRelacion titulada :$bLa noche de S. Juan o de Piquito.
=246  30$aNoche de S. Juan Piquito
=246  30$aNoche de San Juan Piquito
=260  \\$a[Cádiz?] :$bImp. de D. Juan B. Romero y herms, plazuela de los Trabajos, n. 176$c[between 1757 and 1837]
=300  \\$a1 online resource
=336  \\$atext$2rdacontent
=337  \\$acomputer$2rdamedia
=338  \\$aonline resources$2rdacarrier
=500  \\$aText printed in two columns.
=500  \\$aIn verse.
=500  \\$aCaption title.
=500  \\$aImprint from colophon.
=599  \\$aItem no. T114 in volume 11450.h.5.$5Uk
=533  \\$aElectronic Reproduction$bLondon$cBritish Library$d2012$nItem no. T114 in volume 11450.h.5.$5Uk
=650  \0$aSatire, Spanish.
=650  \4$aSátira española.
=655  \7$aChapbooks$zSpain.$2rbgenr
=752  \\$aSpain$dCádiz.
=856  40$uhttp://cudl.lib.cam.ac.uk/view/PR-11450-H-00005-00114$yCambridge Digital Library
=859  \\$aXLD$bCambridge Digital Library
=CAT  \\$aWR14_159$b00$c20141016$lBLL01$h1656
=CAT  \\$aWR14_181$c20150323$lBLL01$h1403
=CAT  \\$aW1606-1753$c20171028$lBLL01$h1604
=SRC  \\$aBLWrongdoing
=LAS  \\$aW1606-1753$b00$c20171028$lBLL01$h1604

