=LDR  01658 am a2200457 a 4500
=001  016894641
=003  Uk
=005  20140123153620.0
=006  m\\\\||\\d\|\\\\\\
=007  cr\|||||||||||
=008  140123q18011850sp\a\\\\o\\\\\000\0\spa\d
=FMT  \\$a  BK
=040  \\$aUkCU$beng$cUkCU$dUk
=245  00$aRelacion La muger que mas se adora suele ser la mas ingrata.
=246  30$aMuger que mas se adora suele ser la mas ingrata
=260  \\$aCon licencia en Córdoba :$bEn la imprenta de Don Rafael Garcia Rodriguez, calle de la Librería,$c[between 1801 and 1850?]
=300  \\$a1 online resource
=336  \\$atext$2rdacontent
=337  \\$acomputer$2rdamedia
=338  \\$aonline resources$2rdacarrier
=500  \\$aText printed in two columns.
=500  \\$aIn verse.
=500  \\$aTwo separate illustrations at head of title.
=500  \\$aCaption title.
=500  \\$aImprint from colophon.
=500  \\$a"Núm. 223."
=599  \\$aItem no. T116 in volume 11450.h.5.$5Uk
=533  \\$aElectronic Reproduction$bLondon$cBritish Library$d2012$nItem no. T116 in volume 11450.h.5.$5Uk
=650  \0$aCourtship.
=650  \0$aIngratitude.
=650  \4$aCortejo amoroso.
=650  \4$aIngratitud.
=655  \7$aChapbooks$zSpain.$2rbgenr
=752  \\$aSpain$dCórdoba.
=856  40$uhttp://cudl.lib.cam.ac.uk/view/PR-11450-H-00005-00116$yCambridge Digital Library
=859  \\$aXLD$bCambridge Digital Library
=CAT  \\$aWR14_159$b00$c20141016$lBLL01$h1656
=CAT  \\$aWR14_181$c20150323$lBLL01$h1403
=CAT  \\$aW1606-1753$c20171028$lBLL01$h1604
=SRC  \\$aBLWrongdoing
=LAS  \\$aW1606-1753$b00$c20171028$lBLL01$h1604

