=LDR  02462 am a2200517 a 4500
=001  016894642
=003  Uk
=005  20140123164659.0
=006  m\\\\||\\d\|\\\\\\
=007  cr\|||||||||||
=008  140123q17811793sp\a\\\\o\\\\\000\0\spa\d
=FMT  \\$a  BK
=040  \\$aUkCU$beng$cUkCU$dUk
=245  00$aRomance nuevo en que da cuenta y declara un portentoso milagro que ha obrado S. Antonio de Padua con un renegado, natural de la ciudad de Toledo :$bRefierese como se le apareció S. Antonio, y lo llevó al infierno, y le hizo ver la cama que estaba preparada para él, si no se reconciliaba y se volvía á Dios N. Señor : con lo demás que verá el curioso lector : primera parte : Don Juan Rosique.
=246  30$aDon Juan Rosique
=260  \\$aSe hallará en Málaga :$bEn la imprenta y libreria de D. Felix de Casas y Martinez, frente el Santo Cristo de la Salud ...,$c[between 1781 and 1793?]
=300  \\$a1 online resource
=336  \\$atext$2rdacontent
=337  \\$acomputer$2rdamedia
=338  \\$aonline resources$2rdacarrier
=500  \\$aText printed in two columns.
=500  \\$aIn verse.
=500  \\$aThree separate illustrations at head of title; second part with three additional illustrations at head of title.
=500  \\$aCaption title.
=500  \\$aImprint from colophon.
=500  \\$a"233."
=500  \\$aIn two parts.
=599  \\$aItem no. T1 in volume 11450.ee.6.$5Uk
=599  \\$aLibrary copy has pages [5-6] bound before p. [3-4].$5Uk
=533  \\$aElectronic Reproduction$bLondon$cBritish Library$d2012$nItem no. T1 in volume 11450.ee.6.$nLibrary copy has pages [5-6] bound before p. [3-4].$5Uk
=600  00$aAnthony,$cof Padua, Saint,$d1195-1231$xMiracles.
=650  \0$aChristian literature, Spanish.
=650  \4$aLiteratura religiosa española.
=650  \4$aJuan Rosique (Fictitious character)
=653  \1$aJuan Rosique (Personaje ficticio)
=653  \1$aSan Antonio de Padua, 1195-1231--Milagros.
=655  \7$aChapbooks$zSpain.$2rbgenr
=662  \\$aSpain$dToledo$2lcsh-naf
=752  \\$aSpain$dMálaga.
=856  40$uhttp://cudl.lib.cam.ac.uk/view/PR-11450-EE-00006-00001$yCambridge Digital Library
=859  \\$aXLD$bCambridge Digital Library
=CAT  \\$aWR14_159$b00$c20141016$lBLL01$h1656
=CAT  \\$aWR14_181$c20150323$lBLL01$h1403
=CAT  \\$aW1606-1753$c20171028$lBLL01$h1604
=SRC  \\$aBLWrongdoing
=LAS  \\$aW1606-1753$b00$c20171028$lBLL01$h1604

