=LDR  01683 am a2200445 a 4500
=001  016894643
=003  Uk
=005  20140123165341.0
=006  m\\\\||\\d\|\\\\\\
=007  cr\|||||||||||
=008  140123q17811179sp\a\\\\o\\\\\000\0\spa\d
=FMT  \\$a  BK
=040  \\$aUkCU$beng$cUkCU$dUk
=245  04$aLas virtudes de la noche a lo humano :$bcon un romance al fin en alabanza de una señora negra, gustoso y entretenido para pasar el tiempo.
=260  \\$aSe hallará en Málaga :$bEn la imprenta y librerìa de D. Felix de Casas y Martinez, frente el Sto. Christo de la Salud ...,$c[between 1781 and 1793?]
=300  \\$a1 online resource
=336  \\$atext$2rdacontent
=337  \\$acomputer$2rdamedia
=338  \\$aonline resources$2rdacarrier
=500  \\$aText printed in two columns.
=500  \\$aIn verse.
=500  \\$aThree separate illustrations below title.
=500  \\$aCaption title.
=500  \\$aImprint from colophon.
=500  \\$a"(148)."
=599  \\$aItem no. T2 in volume 11450.ee.6.$5Uk
=533  \\$aElectronic Reproduction$bLondon$cBritish Library$d2012$nItem no. T2 in volume 11450.ee.6.$5Uk
=650  \0$aNight.
=650  \0$aWomen, Black.
=650  \4$aNoche.
=650  \0$aMujeres negras
=655  \7$aChapbooks$zSpain.$2rbgenr
=752  \\$aSpain$dMálaga.
=856  40$uhttp://cudl.lib.cam.ac.uk/view/PR-11450-EE-00006-00002$yCambridge Digital Library
=859  \\$aXLD$bCambridge Digital Library
=CAT  \\$aWR14_159$b00$c20141016$lBLL01$h1656
=CAT  \\$aWR14_181$c20150323$lBLL01$h1403
=CAT  \\$aW1606-1753$c20171028$lBLL01$h1604
=SRC  \\$aBLWrongdoing
=LAS  \\$aW1606-1753$b00$c20171028$lBLL01$h1604

