=LDR  01520 am a2200421 a 4500
=001  016894645
=003  Uk
=005  20140123171034.0
=006  m\\\\||\\d\|\\\\\\
=007  cr\|||||||||||
=008  140123q17981825sp\\\\\\o\\\\\000\0\spa\d
=FMT  \\$a  BK
=040  \\$aUkCU$beng$cUkCU$dUk
=245  00$aRelacion del auto sacramental :$bLa vacante general.
=246  1\$aVacante general
=260  \\$aCon licencia en Córdoba :$bEn la imprenta de Don Luis de Ramos y Coria, Calle de Armas, num. 4,$c[between 1798 and 1825?]
=300  \\$a1 online resource
=336  \\$atext$2rdacontent
=337  \\$acomputer$2rdamedia
=338  \\$aonline resources$2rdacarrier
=500  \\$aText printed in two columns.
=500  \\$aIn verse.
=500  \\$aCaption title.
=500  \\$aImprint from colophon.
=500  \\$a"Num. 40."
=599  \\$aItem no. T4 in volume 11450.ee.6.$5Uk
=533  \\$aElectronic Reproduction$bLondon$cBritish Library$d2012$nItem no. T4 in volume 11450.ee.6.$5Uk
=650  \0$aReligious drama, Spanish.
=650  \4$aTeatro religioso español.
=655  \7$aChapbooks$zSpain.$2rbgenr
=752  \\$aSpain$dCórdoba.
=856  40$uhttp://cudl.lib.cam.ac.uk/view/PR-11450-EE-00006-00004$yCambridge Digital Library
=859  \\$aXLD$bCambridge Digital Library
=CAT  \\$aWR14_159$b00$c20141016$lBLL01$h1656
=CAT  \\$aWR14_181$c20150323$lBLL01$h1403
=CAT  \\$aW1606-1753$c20171028$lBLL01$h1604
=SRC  \\$aBLWrongdoing
=LAS  \\$aW1606-1753$b00$c20171028$lBLL01$h1604

