=LDR  02098 am a2200529 a 4500
=001  016894646
=003  Uk
=005  20140123171317.0
=006  m\\\\||\\d\|\\\\\\
=007  cr\|||||||||||
=008  140123q17981825sp\a\\\\o\\\\\000\0\spa\\
=FMT  \\$a  BK
=040  \\$aUkCU$beng$cUkCU$dUk
=245  00$aDon Pedro de Veraguas :$bprimera parte.
=260  \\$aCon licencia en Cordoba :$bEn la imprenta de Don Luis de Ramos y Coria, calle de Armas, num. 4,$c[between 1798 and 1825?]
=300  \\$a1 online resource
=336  \\$atext$2rdacontent
=337  \\$acomputer$2rdamedia
=338  \\$aonline resources$2rdacarrier
=500  \\$aText printed in two columns.
=500  \\$aIn verse.
=500  \\$aIllustration at head of title; second part with additional illustration at head of title.
=500  \\$aCaption title.
=500  \\$aImprint from colophon.
=500  \\$a"Num. 160."
=500  \\$aIn two parts.
=599  \\$aItem no. T5 in volume 11450.ee.6.$5Uk
=599  \\$aLibrary copy has pages [5-6] bound before p. [3-4].$5Uk
=533  \\$aElectronic Reproduction$bLondon$cBritish Library$d2012$nItem no. T5 in volume 11450.ee.6.$nLibrary copy has pages [5-6] bound before p. [3-4].$5Uk
=650  \0$aConversion$xChristianity.
=650  \0$aChristianity and other religions$xIslam.
=650  \0$aIslam$xRelations$xChristianity.
=650  \4$aConversión religiosa$xCristianismo.
=650  \4$aCristianismo y otras religiones$xIslamismo.
=650  \4$aIslamismo$xRelaciones$xCristianismo.
=655  \7$aChapbooks$zSpain.$2rbgenr
=662  \\$aSpain$dZafra (Badajoz)$2lcsh-naf
=662  \\$aSpain$dBarcelona$2lcsh-naf
=662  \\$aTurkey$dIstanbul$2lcsh-naf
=752  \\$aSpain$dCórdoba.
=856  40$uhttp://cudl.lib.cam.ac.uk/view/PR-11450-EE-00006-00005$yCambridge Digital Library
=859  \\$aXLD$bCambridge Digital Library
=CAT  \\$aWR14_159$b00$c20141016$lBLL01$h1656
=CAT  \\$aWR14_181$c20150323$lBLL01$h1403
=CAT  \\$aW1606-1753$c20171028$lBLL01$h1604
=SRC  \\$aBLWrongdoing
=LAS  \\$aW1606-1753$b00$c20171028$lBLL01$h1604

