=LDR  01690 am a2200433 a 4500
=001  016894647
=003  Uk
=005  20140123171549.0
=006  m\\\\||\\d\|\\\\\\
=007  cr\|||||||||||
=008  140123q17981825sp\\\\\\o\\\\\000\0\spa\\
=FMT  \\$a  BK
=040  \\$aUkCU$beng$cUkCU$dUk
=245  00$aRomance de la desgraciada muerte de Joseph Delgado (alias Hillo) en la villa y corte de Madrid, el día once de mayo del año de mil ochocientos y uno :$bprimera parte.
=260  \\$aCon licencia en Cordoba :$bEn la imprenta de D. Luis de Ramos y Coria, plazuela de las Cañas,$c[between 1798 and 1825?]
=300  \\$a1 online resource
=336  \\$atext$2rdacontent
=337  \\$acomputer$2rdamedia
=338  \\$aonline resources$2rdacarrier
=500  \\$aText printed in two columns.
=500  \\$aIn verse.
=500  \\$aCaption title.
=500  \\$aImprint from colophon.
=500  \\$aIn two parts.
=599  \\$aItem no. T6 in volume 11450.ee.6.$5Uk
=533  \\$aElectronic Reproduction$bLondon$cBritish Library$d2012$nItem no. T6 in volume 11450.ee.6.$5Uk
=650  \4$aJoseph Delgado (Fictitious character)
=650  \4$aToros.
=653  \1$aJoseph Delgado (Personaje ficticio)
=655  \7$aChapbooks$zSpain.$2rbgenr
=662  \\$aSpain$dMadrid$2lcsh-naf
=752  \\$aSpain$dCórdoba.
=856  40$uhttp://cudl.lib.cam.ac.uk/view/PR-11450-EE-00006-00006$yCambridge Digital Library
=859  \\$aXLD$bCambridge Digital Library
=CAT  \\$aWR14_159$b00$c20141016$lBLL01$h1656
=CAT  \\$aWR14_181$c20150323$lBLL01$h1403
=CAT  \\$aW1606-1753$c20171028$lBLL01$h1604
=SRC  \\$aBLWrongdoing
=LAS  \\$aW1606-1753$b00$c20171028$lBLL01$h1604

