=LDR  01648 am a2200433 a 4500
=001  016894651
=003  Uk
=005  20140124100735.0
=006  m\\\\||\\d\|\\\\\\
=007  cr\|||||||||||
=008  140124q17981825sp\a\\\\o\\\\\000\0\spa\d
=FMT  \\$a  BK
=040  \\$aUkCU$beng$cUkCU$dUk
=245  00$aRelacion hecha por un mozo soltero :$bmanifestando los quarenta motivos para no casarse y treinta y seis para descasarse.
=260  \\$aCon licencia en Córdoba :$bEn la oficina de D. Luis Ramos y Coria, Plazuela de las Cañas,$c[between 1798 and 1825?]
=300  \\$a1 online resource
=336  \\$atext$2rdacontent
=337  \\$acomputer$2rdamedia
=338  \\$aonline resources$2rdacarrier
=500  \\$aText printed in two columns.
=500  \\$aIn verse.
=500  \\$aIllustration at head of title.
=500  \\$aCaption title.
=500  \\$aImprint from colophon.
=599  \\$aItem no. T10 in volume 11450.ee.6.$5Uk
=533  \\$aElectronic Reproduction$bLondon$cBritish Library$d2012$nItem no. T10 in volume 11450.ee.6.$5Uk
=650  \0$aSatire, Spanish.
=650  \0$aMarriage$xSocial aspects.
=650  \4$aSátira española.
=650  \4$aMatrimonio$xAspectos sociales.
=655  \7$aChapbooks$zSpain.$2rbgenr
=752  \\$aSpain$dCórdoba.
=856  40$uhttp://cudl.lib.cam.ac.uk/view/PR-11450-EE-00006-00010$yCambridge Digital Library
=859  \\$aXLD$bCambridge Digital Library
=CAT  \\$aWR14_159$b00$c20141016$lBLL01$h1656
=CAT  \\$aWR14_181$c20150323$lBLL01$h1403
=CAT  \\$aW1606-1753$c20171028$lBLL01$h1604
=SRC  \\$aBLWrongdoing
=LAS  \\$aW1606-1753$b00$c20171028$lBLL01$h1604

