=LDR  01845 am a2200517 a 4500
=001  016894653
=003  Uk
=005  20180928094109.0
=006  m\\\\||\\d\|\\\\\\
=007  cr\|||||||||||
=008  140124q18161852sp\a\\\\o\\\\\000\0\spa\d
=FMT  \\$a  BK
=040  \\$aUkCU$beng$cUkCU$dUk
=245  00$aFabulosa relacion de la junta de los Dioses para el casamiento del Sol y la Luna :$by Sastre mas desgraciado con las ropas de la nobia.
=260  \\$aBarcelona :$bEn la Imprenta de Ignacio Estivill, calle de la Boria,$c[between 1816 and 1852]
=300  \\$a1 online resource
=336  \\$atext$2rdacontent
=337  \\$acomputer$2rdamedia
=338  \\$aonline resources$2rdacarrier
=500  \\$aText printed in two columns.
=500  \\$aIn verse.
=500  \\$aIllustration at head of title.
=500  \\$aCaption title.
=500  \\$aImprint from colophon.
=500  \\$a"Núm. 4."
=599  \\$aItem no. T12 in volume 11450.ee.6.$5Uk
=533  \\$aElectronic Reproduction$bLondon$cBritish Library$d2012$nItem no. T12 in volume 11450.ee.6.$5Uk
=650  \0$aWeddings.
=651  \0$aSun.
=651  \0$aMoon.
=650  \4$aBodas.
=650  \4$aSol.
=650  \4$aLuna.
=650  \4$aSastres.
=655  \7$aChapbooks$zSpain.$2rbgenr
=700  1\$aEstivill, Ignacio,$dactive 1816-1852$cactive 1816-1852,$eprinter.$5Uk
=752  \\$aSpain$dBarcelona.
=856  40$uhttp://cudl.lib.cam.ac.uk/view/PR-11450-EE-00006-00012$yCambridge Digital Library
=859  \\$aXLD$bCambridge Digital Library
=CAT  \\$aWR14_159$b00$c20141016$lBLL01$h1656
=CAT  \\$aBATCH-UPD$b00$c20141016$lBLL01$h1711
=CAT  \\$aWR14_181$c20150323$lBLL01$h1403
=CAT  \\$aW1606-1753$c20171028$lBLL01$h1604
=CAT  \\$a8874$b40$c20180928$lBLL01$h0941
=SRC  \\$aBLWrongdoing
=LAS  \\$a8874$b40$c20180928$lBLL01$h0941

