=LDR  01613 am a2200457 a 4500
=001  016894657
=003  Uk
=005  20140124103235.0
=006  m\\\\||\\d\|\\\\\\
=007  cr\|||||||||||
=008  140124s1831\\\\sp\a\\\\o\\\\\000\0\cat\d
=FMT  \\$a  BK
=040  \\$aUkCU$beng$cUkCU$dUk
=245  04$aLas bonas partidas de moltas mastresas y de no pocas criadas del dia de abuy :$btornada.
=260  \\$aBarcelona :$bPer Ignaci Estivill,$cab llicencia, juriol de 1831.
=300  \\$a1 online resource
=336  \\$atext$2rdacontent
=337  \\$acomputer$2rdamedia
=338  \\$aonline resources$2rdacarrier
=500  \\$aText printed in two columns.
=500  \\$aIn verse.
=500  \\$aTwo separate illustrations at head of title.
=500  \\$aCaption title.
=500  \\$aImprint from colophon.
=500  \\$a"Núm. 65."
=599  \\$aItem no. T16 in volume 11450.ee.6.$5Uk
=533  \\$aElectronic Reproduction$bLondon$cBritish Library$d2012$nItem no. T16 in volume 11450.ee.6.$5Uk
=650  \0$aHousehold employees.
=650  \0$aHousekeeping.
=650  \4$aTareas domésticas.
=650  \4$aEmpleados domésticos.
=653  \1$aCriadas.
=655  \7$aChapbooks$zSpain.$2rbgenr
=752  \\$aSpain$dBarcelona.
=856  40$uhttp://cudl.lib.cam.ac.uk/view/PR-11450-EE-00006-00016$yCambridge Digital Library
=859  \\$aXLD$bCambridge Digital Library
=CAT  \\$aWR14_159$b00$c20141016$lBLL01$h1656
=CAT  \\$aWR14_181$c20150323$lBLL01$h1403
=CAT  \\$aW1606-1753$c20171028$lBLL01$h1604
=SRC  \\$aBLWrongdoing
=LAS  \\$aW1606-1753$b00$c20171028$lBLL01$h1604

