=LDR  01573 am a2200421 a 4500
=001  016894658
=003  Uk
=005  20140124105527.0
=006  m\\\\||\\d\|\\\\\\
=007  cr\|||||||||||
=008  140124s1840\\\\po\\\\\\o\\\\\000\0\por\d
=FMT  \\$a  BK
=040  \\$aUkCU$beng$cUkCU$dUk
=100  1\$aPimentel, José Freíre de Serpa,$cVisconde de Gouveia,$d1814-1870.
=245  10$aTradicções cavalleirosas da minha patria :$b1a epocha /$cpor José Freíre de Serpa Pimentel.
=260  \\$aCoimrra [sic] :$bNa Imprensa da Universidade,$c1840.
=300  \\$a1 online resource
=336  \\$atext$2rdacontent
=337  \\$acomputer$2rdamedia
=338  \\$aonline resources$2rdacarrier
=500  \\$aText printed in two columns.
=500  \\$aIn verse.
=500  \\$aCaption title.
=599  \\$aItem no. T17 in volume 11450.ee.6.$5Uk
=533  \\$aElectronic Reproduction$bLondon$cBritish Library$d2012$nItem no. T17 in volume 11450.ee.6.$5Uk
=650  \0$aSongs, Portuguese$vTexts.
=650  \0$aKnights and knighthood.
=650  \4$aCaballeros y caballería.
=653  \0$aCanciones portuguesas--Textos.
=655  \7$aChapbooks$zSpain.$2rbgenr
=752  \\$aPortugal$dCoimbra.
=856  40$uhttp://cudl.lib.cam.ac.uk/view/PR-11450-EE-00006-00017$yCambridge Digital Library
=859  \\$aXLD$bCambridge Digital Library
=CAT  \\$aWR14_159$b00$c20141016$lBLL01$h1656
=CAT  \\$aWR14_181$c20150323$lBLL01$h1403
=CAT  \\$aW1606-1753$c20171028$lBLL01$h1604
=SRC  \\$aBLWrongdoing
=LAS  \\$aW1606-1753$b00$c20171028$lBLL01$h1604

