=LDR  01621 am a2200433 a 4500
=001  016894662
=003  Uk
=005  20140124111625.0
=006  m\\\\||\\d\|\\\\\\
=007  cr\|||||||||||
=008  140124q18151854sp\a\\\\o\\\\\000\0\cat\d
=FMT  \\$a  BK
=040  \\$aUkCU$beng$cUkCU$dUk
=245  00$aRelació nova y molt curiosa de la vida dels pastors :$ben ques manifesta los treballs y grans combats que tenen quant los ix lo llop y molt alegra y divertida que es llur vida.
=246  30$aDe la vida dels pastors
=260  \\$aBarcelona :$bImprenta de F. Vallés, carrer del Pi,$c[between 1815 and 1854?]
=300  \\$a1 online resource
=336  \\$atext$2rdacontent
=337  \\$acomputer$2rdamedia
=338  \\$aonline resources$2rdacarrier
=500  \\$aText printed in two columns.
=500  \\$aIn verse.
=500  \\$aIllustration at head of title.
=500  \\$aCaption title.
=500  \\$aImprint from colophon.
=599  \\$aItem no. T21 in volume 11450.ee.6.$5Uk
=533  \\$aElectronic Reproduction$bLondon$cBritish Library$d2012$nItem no. T21 in volume 11450.ee.6.$5Uk
=650  \0$aShepherds.
=650  \4$aPastores.
=650  \4$aLobos.
=655  \7$aChapbooks$zSpain.$2rbgenr
=752  \\$aSpain$dBarcelona.
=856  40$uhttp://cudl.lib.cam.ac.uk/view/PR-11450-EE-00006-00021$yCambridge Digital Library
=859  \\$aXLD$bCambridge Digital Library
=CAT  \\$aWR14_159$b00$c20141016$lBLL01$h1656
=CAT  \\$aWR14_181$c20150323$lBLL01$h1403
=CAT  \\$aW1606-1753$c20171028$lBLL01$h1604
=SRC  \\$aBLWrongdoing
=LAS  \\$aW1606-1753$b00$c20171028$lBLL01$h1604

