=LDR  01643 am a2200445 a 4500
=001  016894668
=003  Uk
=005  20140124121330.0
=006  m\\\\||\\d\|\\\\\\
=007  cr\|||||||||||
=008  140124s1845\\\\sp\a\\\\o\\\\\000\0\spa\d
=FMT  \\$a  BK
=040  \\$aUkCU$beng$cUkCU$dUk
=245  00$aTrobos amorosos de un amante enamorado.
=260  \\$aBilbao :$bImp. de F. Marquinez,$caño de 1845.
=300  \\$a1 online resource
=336  \\$atext$2rdacontent
=337  \\$acomputer$2rdamedia
=338  \\$aonline resources$2rdacarrier
=500  \\$aText printed in two columns.
=500  \\$aIn verse.
=500  \\$aTwo separate illustrations at head of title.
=500  \\$aCaption title.
=500  \\$aImprint from colophon.
=500  \\$a"Cancion dibertida para cantar los afisionados con la guitarra: jaleo del estudiante"--p. [4].
=599  \\$aItem no. T27 in volume 11450.ee.6.$5Uk
=533  \\$aElectronic Reproduction$bLondon$cBritish Library$d2012$nItem no. T27 in volume 11450.ee.6.$5Uk
=653  \0$aCanciones españolas--Textos.
=650  \0$aCourtship.
=650  \4$aCortejo amoroso.
=655  \7$aChapbooks$zSpain.$2rbgenr
=740  02$aCancion dibertida para cantar los afisionados con la guitarra.
=752  \\$aSpain$dBilbao.
=856  40$uhttp://cudl.lib.cam.ac.uk/view/PR-11450-EE-00006-00027$yCambridge Digital Library
=859  \\$aXLD$bCambridge Digital Library
=CAT  \\$aWR14_159$b00$c20141016$lBLL01$h1656
=CAT  \\$aWR14_181$c20150323$lBLL01$h1403
=CAT  \\$aW1606-1753$c20171028$lBLL01$h1604
=SRC  \\$aBLWrongdoing
=LAS  \\$aW1606-1753$b00$c20171028$lBLL01$h1604

