=LDR  01547 am a2200445 a 4500
=001  016894674
=003  Uk
=005  20140124141825.0
=006  m\\\\||\\d\|\\\\\\
=007  cr\|||||||||||
=008  140124s1846\\\\sp\a\\\\o\\\\\000\0\spa\d
=FMT  \\$a  BK
=040  \\$aUkCU$beng$cUkCU$dUk
=245  00$aCancion :$bNueva pastorcilla.
=246  30$aNueva pastorcilla
=260  \\$aBarcelona :$bImprenta de F. Vallés, calle del Pino,$c1846.
=300  \\$a1 online resource
=336  \\$atext$2rdacontent
=337  \\$acomputer$2rdamedia
=338  \\$aonline resources$2rdacarrier
=500  \\$aText printed in two columns.
=500  \\$aIn verse.
=500  \\$aIllustration incorporated within title; additional illustration on p. [3].
=500  \\$aCaption title.
=500  \\$aImprint from colophon.
=500  \\$a"Trobos nuevos"--p. [3-4].
=599  \\$aItem no. T32a in volume 11450.ee.6.$5Uk
=533  \\$aElectronic Reproduction$bLondon$cBritish Library$d2012$nItem no. T32a in volume 11450.ee.6.$5Uk
=650  \0$aShepherds.
=650  \4$aPastores.
=655  \7$aChapbooks$zSpain.$2rbgenr
=740  02$aTrobos nuevos.
=752  \\$aSpain$dBarcelona.
=856  40$uhttp://cudl.lib.cam.ac.uk/view/PR-11450-EE-00006-00032-A$yCambridge Digital Library
=859  \\$aXLD$bCambridge Digital Library
=CAT  \\$aWR14_159$b00$c20141016$lBLL01$h1656
=CAT  \\$aWR14_181$c20150323$lBLL01$h1403
=CAT  \\$aW1606-1753$c20171028$lBLL01$h1604
=SRC  \\$aBLWrongdoing
=LAS  \\$aW1606-1753$b00$c20171028$lBLL01$h1604

