=LDR  01865 am a2200457 a 4500
=001  016894677
=003  Uk
=005  20140130165700.0
=006  m\\\\||\\d\|\\\\\\
=007  cr\|||||||||||
=008  140124s1847\\\\sp\a\\\\o\\\\\000\0\spa\\
=FMT  \\$a  BK
=040  \\$aUkCU$beng$cUkCU$dUk
=245  00$aSermon de las modas :$bsermon satírico burlesco sobre el modo de vestir que se usaba antiguamente y el que se estila hoy dia /$ccompuesto en el año de poco trigo, por el Doctor Sancho Tira-Tripas, graduado de Bachiller en la Universidad de Nantes, etc., etc.
=246  30$aSermon satírico burlesco sobre el modo de vestir que se usaba antiguamente y el que se estila hoy dia
=260  \\$aMadrid :$bImprenta de D. José M. Marés, Corredera baja de San Pablo, núm. 27,$c1847.
=300  \\$a1 online resource
=336  \\$atext$2rdacontent
=337  \\$acomputer$2rdamedia
=338  \\$aonline resources$2rdacarrier
=500  \\$aText printed in two columns.
=500  \\$aFour separate illustrations.
=500  \\$aIn verse.
=500  \\$aCaption title.
=500  \\$aImprint from colophon.
=500  \\$a"(Núm. 131.)"
=599  \\$aItem no. T35 in volume 11450.ee.6.$5Uk
=533  \\$aElectronic Reproduction$bLondon$cBritish Library$d2012$nItem no. T35 in volume 11450.ee.6.$5Uk
=650  \0$aSatire, Spanish.
=650  \0$aFashion.
=650  \4$aSátira española.
=650  \4$aModa.
=655  \7$aChapbooks$zSpain.$2rbgenr
=752  \\$aSpain$dMadrid.
=856  40$uhttp://cudl.lib.cam.ac.uk/view/PR-11450-EE-00006-00035$yCambridge Digital Library
=859  \\$aXLD$bCambridge Digital Library
=CAT  \\$aWR14_159$b00$c20141016$lBLL01$h1656
=CAT  \\$aWR14_181$c20150323$lBLL01$h1403
=CAT  \\$aW1606-1753$c20171028$lBLL01$h1604
=SRC  \\$aBLWrongdoing
=LAS  \\$aW1606-1753$b00$c20171028$lBLL01$h1604

