=LDR  01978 am a2200505 a 4500
=001  016894678
=003  Uk
=005  20140124143455.0
=006  m\\\\||\\d\|\\\\\\
=007  cr\|||||||||||
=008  140124s1848\\\\sp\a\\\\o\\\\\000\0\spa\d
=FMT  \\$a  BK
=040  \\$aUkCU$beng$cUkCU$dUk
=245  00$aManuel Zapater :$bRelacion breve y sencilla del hecho horroroso que ha ocurrido en la ciudad de Zaragoza en el mes de marzo de este presente año.
=246  30$aRelacion breve y sencilla del hecho horroroso que ha ocurrido en la ciudad de Zaragoza en el mes de marzo de este presente año
=260  \\$aMadrid :$bImprenta de D. José María Marés, corredera baja de S. Pablo, núm. 27,$c1848.
=300  \\$a1 online resource
=336  \\$atext$2rdacontent
=337  \\$acomputer$2rdamedia
=338  \\$aonline resources$2rdacarrier
=500  \\$aText printed in two columns.
=500  \\$aIn verse.
=500  \\$aIllustration incorporated within title.
=500  \\$aCaption title.
=500  \\$aImprint from colophon.
=500  \\$a"(Núm. 152.)"
=599  \\$aItem no. T36 in volume 11450.ee.6.$5Uk
=533  \\$aElectronic Reproduction$bLondon$cBritish Library$d2012$nItem no. T36 in volume 11450.ee.6.$5Uk
=650  \4$aManuel Zapater (Fictitious character)
=650  \0$aMurder.
=650  \0$aCapital punishment.
=650  \4$aAsesinato.
=650  \4$aPena de muerte.
=650  \4$aServicio doméstico.
=653  \1$aManuel Zapater (Personaje ficticio)
=655  \7$aChapbooks$zSpain.$2rbgenr
=662  \\$aSpain$dZaragoza$2lcsh-naf
=752  \\$aSpain$dMadrid.
=856  40$uhttp://cudl.lib.cam.ac.uk/view/PR-11450-EE-00006-00036$yCambridge Digital Library
=859  \\$aXLD$bCambridge Digital Library
=CAT  \\$aWR14_159$b00$c20141016$lBLL01$h1656
=CAT  \\$aWR14_181$c20150323$lBLL01$h1403
=CAT  \\$aW1606-1753$c20171028$lBLL01$h1604
=SRC  \\$aBLWrongdoing
=LAS  \\$aW1606-1753$b00$c20171028$lBLL01$h1604

