=LDR  02114 am a2200553 a 4500
=001  016894680
=003  Uk
=005  20140124144915.0
=006  m\\\\||\\d\|\\\\\\
=007  cr\|||||||||||
=008  140124q18421859sp\a\\\\o\\\\\000\0\spa\d
=FMT  \\$a  BK
=040  \\$aUkCU$beng$cUkCU$dUk
=245  00$aSátira muy graciosa de los trages y modas que se ponen muchas mugeres para engañar á los bobos y hacerles gastar los cuartos :$bcon lo demas que verá el curioso lector.
=260  \\$aMadrid :$bImprenta de José María Marés, plazuela de la Cebada, núm. 96,$c[between 1842 and 1859?]
=300  \\$a1 online resource
=336  \\$atext$2rdacontent
=337  \\$acomputer$2rdamedia
=338  \\$aonline resources$2rdacarrier
=500  \\$aText printed in two columns.
=500  \\$aIn verse.
=500  \\$aThree separate illustrations at head of title.
=500  \\$aCaption title.
=500  \\$aImprint from colophon.
=500  \\$a"(Núm. 40.)"
=500  \\$a"Verdades del tiempo: males y desdenes de las señoras mugeres, compuestas por el muy entretenido Juan Perez de Agulagon"--P. [3-4].
=599  \\$aItem no. T38 in volume 11450.ee.6.$5Uk
=533  \\$aElectronic Reproduction$bLondon$cBritish Library$d2012$nItem no. T38 in volume 11450.ee.6.$5Uk
=650  \0$aSatire, Spanish.
=650  \0$aMisogyny.
=650  \0$aPride and vanity$xWomen.
=650  \0$aFashion.
=650  \0$aMan-woman relationships.
=650  \4$aSátira española.
=650  \4$aMisoginia.
=650  \4$aSoberbia$xMujeres.
=650  \4$aModa.
=650  \4$aRelaciones hombre-mujer.
=655  \7$aChapbooks$zSpain.$2rbgenr
=662  \\$2lcsh-naf
=740  02$aVerdades del tiempo.
=752  \\$aSpain$dMadrid.
=856  40$uhttp://cudl.lib.cam.ac.uk/view/PR-11450-EE-00006-00038$yCambridge Digital Library
=859  \\$aXLD$bCambridge Digital Library
=CAT  \\$aWR14_159$b00$c20141016$lBLL01$h1656
=CAT  \\$aWR14_181$c20150323$lBLL01$h1403
=CAT  \\$aW1606-1753$c20171028$lBLL01$h1604
=SRC  \\$aBLWrongdoing
=LAS  \\$aW1606-1753$b00$c20171028$lBLL01$h1604

