=LDR  01617 am a2200433 a 4500
=001  016894681
=003  Uk
=005  20140124145200.0
=006  m\\\\||\\d\|\\\\\\
=007  cr\|||||||||||
=008  140124s1854\\\\sp\a\\\\o\\\\\000\h\spa\\
=FMT  \\$a  BK
=040  \\$aUkCU$beng$cUkCU$dUk
=245  00$aSermon burlesco, jocoso y entretenido para divertir a los concurrentes en una sala, despues de haber llenado bien las barrigas.
=260  \\$aMadrid :$bImprenta a cargo de José M. Marés, plazuela de la Cebada, núm. 96,$c1854.
=300  \\$a1 online resource
=336  \\$atext$2rdacontent
=337  \\$acomputer$2rdamedia
=338  \\$aonline resources$2rdacarrier
=500  \\$aIllustration at head of title.
=500  \\$aIn verse.
=500  \\$aCaption title.
=500  \\$aImprint from colophon.
=500  \\$a"(Núm. 42.)"
=599  \\$aItem no. T39 in volume 11450.ee.6.$5Uk
=533  \\$aElectronic Reproduction$bLondon$cBritish Library$d2012$nItem no. T39 in volume 11450.ee.6.$5Uk
=650  \0$aReligious satire, Spanish.
=650  \0$aAfter-dinner speeches.
=650  \4$aDiscursos de sobremesa.
=653  \\$aSátira religiosa española.
=655  \7$aChapbooks$zSpain.$2rbgenr
=752  \\$aSpain$dMadrid.
=856  40$uhttp://cudl.lib.cam.ac.uk/view/PR-11450-EE-00006-00039$yCambridge Digital Library
=859  \\$aXLD$bCambridge Digital Library
=CAT  \\$aWR14_159$b00$c20141016$lBLL01$h1656
=CAT  \\$aWR14_181$c20150323$lBLL01$h1403
=CAT  \\$aW1606-1753$c20171028$lBLL01$h1604
=SRC  \\$aBLWrongdoing
=LAS  \\$aW1606-1753$b00$c20171028$lBLL01$h1604

