=LDR  01728 am a2200457 a 4500
=001  016894688
=003  Uk
=005  20140124153247.0
=006  m\\\\||\\d\|\\\\\\
=007  cr\|||||||||||
=008  140124s1856\\\\sp\a\\\\o\\\\\000\0\spa\d
=FMT  \\$a  BK
=040  \\$aUkCU$beng$cUkCU$dUk
=245  04$aLas virtudes del agua :$bSentimientos y quejas de un tierno y fino amante, lamentándose de verse mal correspondido y despreciado de su dama, esplicándole las virtudes del agua.
=246  30$aSentimientos y quejas de un fino y tierno amante
=260  \\$aMadrid :$bSe hallará de venta en la Plaza de Riego (antes de la Cebada), núm. 96,$c1856.
=300  \\$a1 online resource
=336  \\$atext$2rdacontent
=337  \\$acomputer$2rdamedia
=338  \\$aonline resources$2rdacarrier
=500  \\$aText printed in two columns.
=500  \\$aIn verse.
=500  \\$aIllustration incorporated within title.
=500  \\$aCaption title.
=500  \\$aImprint from colophon.
=500  \\$a"(Núm. 152.)"
=599  \\$aItem no. T46 in volume 11450.ee.6.$5Uk
=533  \\$aElectronic Reproduction$bLondon$cBritish Library$d2012$nItem no. T46 in volume 11450.ee.6.$5Uk
=650  \0$aWater.
=650  \0$aCourtship.
=650  \4$aAgua
=650  \4$aCortejo amoroso.
=655  \7$aChapbooks$zSpain.$2rbgenr
=752  \\$aSpain$dMadrid.
=856  40$uhttp://cudl.lib.cam.ac.uk/view/PR-11450-EE-00006-00046$yCambridge Digital Library
=859  \\$aXLD$bCambridge Digital Library
=CAT  \\$aWR14_159$b00$c20141016$lBLL01$h1656
=CAT  \\$aWR14_181$c20150323$lBLL01$h1403
=CAT  \\$aW1606-1753$c20171028$lBLL01$h1604
=SRC  \\$aBLWrongdoing
=LAS  \\$aW1606-1753$b00$c20171028$lBLL01$h1604

