=LDR  01952 am a2200529 a 4500
=001  016894689
=003  Uk
=005  20140124153643.0
=006  m\\\\||\\d\|\\\\\\
=007  cr\|||||||||||
=008  140124s1857\\\\sp\a\\\\o\\\\\000\0\spa\d
=FMT  \\$a  BK
=040  \\$aUkCU$beng$cUkCU$dUk
=245  00$aSatira graciosa de la dama de los quince novios :$ben que se manifiestan los dengues y zalamerías que gastan las señoritas doncellas cuando ven que tienen muchos novios y se mueren por sus pedazos.
=246  30$aDama de los quince novios
=260  \\$aMadrid :$bImpta. á cargo de José M. Marés, plazuela de la Cebada, núm. 96,$c1857.
=300  \\$a1 online resource
=336  \\$atext$2rdacontent
=337  \\$acomputer$2rdamedia
=338  \\$aonline resources$2rdacarrier
=500  \\$aText printed in two columns.
=500  \\$aIn verse.
=500  \\$aTwo separate illustrations at head of title.
=500  \\$aCaption title.
=500  \\$aImprint from colophon.
=500  \\$a"(Núm. 121.)"
=599  \\$aItem no. T47 in volume 11450.ee.6.$5Uk
=533  \\$aElectronic Reproduction$bLondon$cBritish Library$d2012$nItem no. T47 in volume 11450.ee.6.$5Uk
=650  \0$aSatire, Spanish.
=650  \0$aMisogyny.
=650  \0$aPride and vanity$xWomen.
=650  \0$aFashion.
=650  \0$aMan-woman relationships.
=650  \4$aSátira española.
=650  \4$aMisoginia.
=650  \4$aSoberbia$xMujeres.
=650  \4$aModa.
=650  \4$aRelaciones hombre-mujer.
=655  \7$aChapbooks$zSpain.$2rbgenr
=752  \\$aSpain$dMadrid.
=856  40$uhttp://cudl.lib.cam.ac.uk/view/PR-11450-EE-00006-00047$yCambridge Digital Library
=859  \\$aXLD$bCambridge Digital Library
=CAT  \\$aWR14_159$b00$c20141016$lBLL01$h1656
=CAT  \\$aWR14_181$c20150323$lBLL01$h1403
=CAT  \\$aW1606-1753$c20171028$lBLL01$h1604
=SRC  \\$aBLWrongdoing
=LAS  \\$aW1606-1753$b00$c20171028$lBLL01$h1604

