=LDR  01659 am a2200469 a 4500
=001  016894690
=003  Uk
=005  20140124154109.0
=006  m\\\\||\\d\|\\\\\\
=007  cr\|||||||||||
=008  140124s1857\\\\sp\a\\\\o\\\\\000\0\spa\d
=FMT  \\$a  BK
=040  \\$aUkCU$beng$cUkCU$dUk
=245  00$aSátira graciosa, en que se declaran las continuas disputas que ocurren entre suegra y nuera.
=260  \\$aMadrid :$bImprenta á cargo de José M. Marés, plazuela de la Cebada, n.° 96,$c1857.
=300  \\$a1 online resource
=336  \\$atext$2rdacontent
=337  \\$acomputer$2rdamedia
=338  \\$aonline resources$2rdacarrier
=500  \\$aText printed in two columns.
=500  \\$aIn verse.
=500  \\$aTwo separate illustrations at head of title.
=500  \\$aCaption title.
=500  \\$aImprint from colophon.
=500  \\$a"(Núm. 25.)"
=599  \\$aItem no. T48 in volume 11450.ee.6.$5Uk
=533  \\$aElectronic Reproduction$bLondon$cBritish Library$d2012$nItem no. T48 in volume 11450.ee.6.$5Uk
=650  \0$aSatire, Spanish.
=650  \0$aMothers-in-law.
=650  \0$aDaughters-in-law.
=650  \4$aSátira española.
=650  \4$aSuegras.
=650  \4$aNueras.
=655  \7$aChapbooks$zSpain.$2rbgenr
=752  \\$aSpain$dMadrid.
=856  40$uhttp://cudl.lib.cam.ac.uk/view/PR-11450-EE-00006-00048$yCambridge Digital Library
=859  \\$aXLD$bCambridge Digital Library
=CAT  \\$aWR14_159$b00$c20141016$lBLL01$h1656
=CAT  \\$aWR14_181$c20150323$lBLL01$h1403
=CAT  \\$aW1606-1753$c20171028$lBLL01$h1604
=SRC  \\$aBLWrongdoing
=LAS  \\$aW1606-1753$b00$c20171028$lBLL01$h1604

