=LDR  02190 am a2200493 a 4500
=001  016894698
=003  Uk
=005  20140124170441.0
=006  m\\\\||\\d\|\\\\\\
=007  cr\|||||||||||
=008  140124q18421859sp\a\\\\o\\\\\000\0\spa\d
=FMT  \\$a  BK
=040  \\$aUkCU$beng$cUkCU$dUk
=245  00$aEl milagro de San Antonio del doblon :$bCuriosa relacion en que se declara y da cuenta de lo que le sucedió á un caballero natural de Jerez, á quien informaron falsamente de que su esposa le era infiel, y como por la intercesion de San Antonio de Padua se vieron ambos esposos protegidos del Cielo y desvanecida tan infame calumnia : primera parte.
=246  30$aCuriosa relacion en la que se declara y da cuenta de lo que le sucedió á un caballero natural de Jerez
=260  \\$aMadrid :$bImprenta a cargo de José M. Marés, plazuela de la Cebada, núm. 96,$c[between 1842 and 1859?]
=300  \\$a1 online resource
=336  \\$atext$2rdacontent
=337  \\$acomputer$2rdamedia
=338  \\$aonline resources$2rdacarrier
=500  \\$aText printed in two columns.
=500  \\$aIn verse.
=500  \\$aTwo separate illustrations at head of title.
=500  \\$aCaption title.
=500  \\$aImprint from colophon.
=500  \\$aIn two parts.
=500  \\$a"(Núm. 96.)"
=599  \\$aItem no. T56 in volume 11450.ee.6.$5Uk
=533  \\$aElectronic Reproduction$bLondon$cBritish Library$d2012$nItem no. T56 in volume 11450.ee.6.$5Uk
=600  00$aAnthony,$cof Padua, Saint,$d1195-1231$xMiracles.
=650  \0$aAdultery.
=650  \4$aAdulterio.
=653  \1$aSan Antonio de Padua, 1195-1231--Milagros.
=655  \7$aChapbooks$zSpain.$2rbgenr
=662  \\$aSpain$dJerez de la Frontera$2lcsh-naf
=752  \\$aSpain$dMadrid.
=856  40$uhttp://cudl.lib.cam.ac.uk/view/PR-11450-EE-00006-00056$yCambridge Digital Library
=859  \\$aXLD$bCambridge Digital Library
=CAT  \\$aWR14_159$b00$c20141016$lBLL01$h1656
=CAT  \\$aBATCH-UPD$b00$c20141016$lBLL01$h1711
=CAT  \\$aWR14_181$c20150323$lBLL01$h1403
=CAT  \\$aW1606-1753$c20171028$lBLL01$h1604
=SRC  \\$aBLWrongdoing
=LAS  \\$aW1606-1753$b00$c20171028$lBLL01$h1604

