=LDR  02110 am a2200493 a 4500
=001  016894699
=003  Uk
=005  20140124171418.0
=006  m\\\\||\\d\|\\\\\\
=007  cr\|||||||||||
=008  140124q18151854sp\a\\\\o\\\\\000\0\spa\d
=FMT  \\$a  BK
=040  \\$aUkCU$beng$cUkCU$dUk
=245  03$aLa samaritana :$bdevota exhortacion para que vengan á verdadero conocimiento de sí mismas las samaritanas de este siglo, y olviden las cosas mundanas, á ejemplo de lo que aqui se espresa.
=260  \\$aMadrid :$bImprenta á cargo de José M. Marés, plaza de la Cebada, núm. 96,$c[between 1842 and 1859?]
=300  \\$a1 online resource
=336  \\$atext$2rdacontent
=337  \\$acomputer$2rdamedia
=338  \\$aonline resources$2rdacarrier
=500  \\$aText printed in two columns.
=500  \\$aIn verse.
=500  \\$aIllustration at head of title; additional illustrations at head of p. [3] and on p. [4].
=500  \\$aCaption title.
=500  \\$aImprint from colophon.
=500  \\$a"(Núm. 174.)"
=500  \\$a"Coplas de lo que padecio nuestro amantisimo Jesus en su dolorosa pasion": p. [3-4].
=500  \\$a"Á la muerte de Cristo nuestro redentor": p. [4].
=599  \\$aItem no. T57 in volume 11450.ee.6.$5Uk
=533  \\$aElectronic Reproduction$bLondon$cBritish Library$d2012$nItem no. T57 in volume 11450.ee.6.$5Uk
=650  \0$aSamaritan women.
=650  \0$aChristian literature, Spanish.
=650  \4$aLiteratura religiosa española.
=653  \1$aSamaritanas.
=655  \7$aChapbooks$zSpain.$2rbgenr
=740  02$aCoplas de lo que padecio nuestro amantisimo Jesus en su dolorosa pasion.
=740  02$aÁ la muerte de Cristo nuestro redentor.
=752  \\$aSpain$dMadrid.
=856  40$uhttp://cudl.lib.cam.ac.uk/view/PR-11450-EE-00006-00057$yCambridge Digital Library
=859  \\$aXLD$bCambridge Digital Library
=CAT  \\$aWR14_159$b00$c20141016$lBLL01$h1656
=CAT  \\$aWR14_181$c20150323$lBLL01$h1403
=CAT  \\$aW1606-1753$c20171028$lBLL01$h1604
=SRC  \\$aBLWrongdoing
=LAS  \\$aW1606-1753$b00$c20171028$lBLL01$h1604

