=LDR  02083 am a2200505 a 4500
=001  016894702
=003  Uk
=005  20140524101447.0
=006  m\\\\||\\d\|\\\\\\
=007  cr\|||||||||||
=008  140124s1858\\\\sp\a\\\\o\\\\\000\h\spa\\
=FMT  \\$a  BK
=040  \\$aUkCU$beng$cUkCU$dUk
=245  00$aMemorial presentado por las mozas españolas á los ilustres ayuntamientos de las ciudades, villas y lugares de estos reinos, esponiendo de que desean tener marido.
=260  \\$aMadrid :$bImp. á cargo de José M. Marès, plaza de la Cebada, núm. 96,$c1858.
=300  \\$a1 online resource
=336  \\$atext$2rdacontent
=337  \\$acomputer$2rdamedia
=338  \\$aonline resources$2rdacarrier
=500  \\$aText printed in two columns.
=500  \\$aIllustration at head of title.
=500  \\$aIn verse.
=500  \\$aCaption title.
=500  \\$aImprint from colophon.
=500  \\$a"(Núm. 94.)"
=500  \\$a"Contestacion al memorial de las mozas españolas": p. [2].
=500  \\$a"Papel gracioso y divertido en que se da cuenta y declara el gran pleito que han podido por fin ganar las señoras mugeres para mandar á los hombres por espacio de diez años": p. [3-4].
=599  \\$aItem no. T60 in volume 11450.ee.6.$5Uk
=533  \\$aElectronic Reproduction$bLondon$cBritish Library$d2012$nItem no. T60 in volume 11450.ee.6.$5Uk
=650  \0$aSatire, Spanish.
=650  \0$aMisogyny.
=650  \0$aMan-woman relationships.
=650  \4$aSátira española.
=650  \4$aMisoginia.
=650  \4$aRelaciones hombre-mujer.
=655  \7$aChapbooks$zSpain.$2rbgenr
=740  02$aContestacion al memorial de las mozas españolas.
=752  \\$aSpain$dMadrid.
=856  40$uhttp://cudl.lib.cam.ac.uk/view/PR-11450-EE-00006-00060$yCambridge Digital Library
=859  \\$aXLD$bCambridge Digital Library
=CAT  \\$aWR14_159$b00$c20141016$lBLL01$h1656
=CAT  \\$aWR14_181$c20150323$lBLL01$h1403
=CAT  \\$aW1606-1753$c20171028$lBLL01$h1604
=SRC  \\$aBLWrongdoing
=LAS  \\$aW1606-1753$b00$c20171028$lBLL01$h1604

