=LDR  02070 am a2200493 a 4500
=001  016894703
=003  Uk
=005  20140130143642.0
=006  m\\\\||\\d\|\\\\\\
=007  cr\|||||||||||
=008  140130q18151854sp\a\\\\o\\\\\000\0\spa\d
=FMT  \\$a  BK
=040  \\$aUkCU$beng$cUkCU$dUk
=245  00$aLa desgraciada Teresa :$bNueva relacion en que se da cuenta de la amorosa conversacion que tuvo un sacerdote con Cristo Señor nuestro, habiéndosele aparecido en forma de pobre pidiendo limosna á su puerta : y el desastrado fin que tuvo una criada suya llamada Teresa.
=246  30$aNueva relacion en que se da cuenta de la amorosa conversacion que tuvo un sacerdote con Cristo Señor nuestro
=260  \\$aMadrid :$bImprenta á cargo de José M. Marés, plaza de la Cebada, núm. 96,$c[between 1842 and 1859?]
=300  \\$a1 online resource
=336  \\$atext$2rdacontent
=337  \\$acomputer$2rdamedia
=338  \\$aonline resources$2rdacarrier
=500  \\$aText printed in two columns.
=500  \\$aIn verse.
=500  \\$aThree separate illustrations at head of title.
=500  \\$aCaption title.
=500  \\$aImprint from colophon.
=500  \\$a"(Núm. 217)."
=599  \\$aItem no. T61 in volume 11450.ee.6.$5Uk
=533  \\$aElectronic Reproduction$bLondon$cBritish Library$d2012$nItem no. T61 in volume 11450.ee.6.$5Uk
=600  00$aJesus Christ$xApparitions and miracles.
=600  04$aJesucristo$xApariciones y milagros.
=650  \0$aJudgment of God.
=650  \0$aChristianity and justice.
=650  \4$aSacerdotes.
=653  \1$aCriadas.
=653  \0$aJusticia divina.
=655  \7$aChapbooks$zSpain.$2rbgenr
=752  \\$aSpain$dMadrid.
=856  40$uhttp://cudl.lib.cam.ac.uk/view/PR-11450-EE-00006-00061$yCambridge Digital Library
=859  \\$aXLD$bCambridge Digital Library
=CAT  \\$aWR14_159$b00$c20141016$lBLL01$h1656
=CAT  \\$aWR14_181$c20150323$lBLL01$h1403
=CAT  \\$aW1606-1753$c20171028$lBLL01$h1604
=SRC  \\$aBLWrongdoing
=LAS  \\$aW1606-1753$b00$c20171028$lBLL01$h1604

