=LDR  01704 am a2200481 a 4500
=001  016894705
=003  Uk
=005  20140130145131.0
=006  m\\\\||\\d\|\\\\\\
=007  cr\|||||||||||
=008  140130s1858\\\\sp\a\\\\o\\\\\000\0\spa\d
=FMT  \\$a  BK
=040  \\$aUkCU$beng$cUkCU$dUk
=245  10$aRelacion chistosa titulada :$bTodas me gustan ; seguida de otra seria, cuyo titulo es Desengaños de las doncellas.
=246  30$aTodas me gustan
=260  \\$aMadrid :$bSe hallará de venta en la plaza de la Cebada, núm. 96,$c1858.
=300  \\$a1 online resource
=336  \\$atext$2rdacontent
=337  \\$acomputer$2rdamedia
=338  \\$aonline resources$2rdacarrier
=500  \\$aText printed in two columns.
=500  \\$aIn verse.
=500  \\$aIllustration at head of title.
=500  \\$aCaption title.
=500  \\$aImprint from colophon.
=500  \\$a"(Nùm. 202.)"
=500  \\$a"Desengaños de las doncellas": p. [3-4].
=599  \\$aItem no. T63 in volume 11450.ee.6.$5Uk
=533  \\$aElectronic Reproduction$bLondon$cBritish Library$d2012$nItem no. T63 in volume 11450.ee.6.$5Uk
=650  \0$aParody.
=650  \0$aWomen.
=650  \4$aParodia.
=650  \4$aMujeres.
=655  \7$aChapbooks$zSpain.$2rbgenr
=740  02$aDesengaños de las doncellas.
=752  \\$aSpain$dMadrid.
=856  40$uhttp://cudl.lib.cam.ac.uk/view/PR-11450-EE-00006-00063$yCambridge Digital Library
=859  \\$aXLD$bCambridge Digital Library
=CAT  \\$aWR14_159$b00$c20141016$lBLL01$h1656
=CAT  \\$aWR14_181$c20150323$lBLL01$h1403
=CAT  \\$aW1606-1753$c20171028$lBLL01$h1604
=SRC  \\$aBLWrongdoing
=LAS  \\$aW1606-1753$b00$c20171028$lBLL01$h1604

