=LDR  02250 am a2200577 a 4500
=001  016894717
=003  Uk
=005  20140130160915.0
=006  m\\\\||\\d\|\\\\\\
=007  cr\|||||||||||
=008  140130s1858\\\\sp\a\\\\o\\\\\000\0\spa\d
=FMT  \\$a  BK
=040  \\$aUkCU$beng$cUkCU$dUk
=245  03$aLa comadrona de Cadiz :$bNueva relacion en la cual se refiere la historia de Casimira Valleton, natural de Navarra, la que habiendo huido de la ciudad de Estella con un hombre disoluto, este la abandonó en cinta, y ella desesperada se arrojó á un rio de donde la sacó un ladron : y lo demas que se refiere.
=246  30$aNueva relacion en la cual se refiere la historia de Casimira Valleton
=260  \\$aMadrid :$bImprenta á cargo de José M. Marés, plaza de la Cebada, núm. 96,$c1858.
=300  \\$a1 online resource
=336  \\$atext$2rdacontent
=337  \\$acomputer$2rdamedia
=338  \\$aonline resources$2rdacarrier
=500  \\$aText printed in two columns.
=500  \\$aIn verse.
=500  \\$aIllustration at head of title.
=500  \\$aCaption title.
=500  \\$aImprint from colophon.
=500  \\$a"(Núm. 54.)"
=599  \\$aItem no. T75 in volume 11450.ee.6.$5Uk
=533  \\$aElectronic Reproduction$bLondon$cBritish Library$d2012$nItem no. T75 in volume 11450.ee.6.$5Uk
=650  \4$aCasimira Valleton (Fictitious character)
=650  \0$aMidwives.
=650  \0$aThieves.
=650  \0$aInfanticide.
=650  \0$aWomen murderers.
=650  \4$aComadronas.
=650  \4$aLadrones.
=650  \4$aInfanticidio.
=650  \4$aAsesinas.
=650  \4$aPrisiones.
=653  \1$aCasimira Valleton (Personaje ficticio)
=655  \7$aChapbooks$zSpain.$2rbgenr
=662  \\$aSpain$dCádiz$2lcsh-naf
=662  \\$aSpain$dNavarre$2lcsh-naf
=662  \\$aSpain$dEstella$2lcsh-naf
=752  \\$aSpain$dMadrid.
=856  40$uhttp://cudl.lib.cam.ac.uk/view/PR-11450-EE-00006-00075$yCambridge Digital Library
=859  \\$aXLD$bCambridge Digital Library
=CAT  \\$aWR14_159$b00$c20141016$lBLL01$h1656
=CAT  \\$aWR14_181$c20150323$lBLL01$h1403
=CAT  \\$aW1606-1753$c20171028$lBLL01$h1604
=SRC  \\$aBLWrongdoing
=LAS  \\$aW1606-1753$b00$c20171028$lBLL01$h1604

