=LDR  02087 am a2200469 a 4500
=001  016894721
=003  Uk
=005  20140130165550.0
=006  m\\\\||\\d\|\\\\\\
=007  cr\|||||||||||
=008  140130s1859\\\\sp\a\\\\o\\\\\000\0\spa\d
=FMT  \\$a  BK
=040  \\$aUkCU$beng$cUkCU$dUk
=245  00$aSatira graciosa en que se da cuenta á todos los hombres de los motivos que hay para no casarse :$by lo que se pasa con las malas mujeres por los males que ocasionan.
=260  \\$aMadrid :$bImp. á cargo de José M. Marés, plaza de la Cebada, núm. 96,$c1859.
=300  \\$a1 online resource
=336  \\$atext$2rdacontent
=337  \\$acomputer$2rdamedia
=338  \\$aonline resources$2rdacarrier
=500  \\$aText printed in two columns.
=500  \\$aIn verse.
=500  \\$aThree separate illustrations at head of title.
=500  \\$aCaption title.
=500  \\$aImprint from colophon.
=500  \\$a"(Núm. 20.)"
=500  \\$a"Letrilla graciosa y nueva compuesta por un astrólogo moderno que avisa á todos los casados el modo con que podrán librarse de las demasias y locuras de sus mujeres": p. [4].
=599  \\$aItem no. T79 in volume 11450.ee.6.$5Uk
=533  \\$aElectronic Reproduction$bLondon$cBritish Library$d2012$nItem no. T79 in volume 11450.ee.6.$5Uk
=650  \0$aSatire, Spanish.
=650  \0$aMarriage$xSocial aspects.
=650  \4$aSátira española.
=650  \4$aMatrimonio$xAspectos sociales.
=655  \7$aChapbooks$zSpain.$2rbgenr
=740  02$aLetrilla graciosa y nueva compuesta por un astrólogo moderno que avisa á todos los casados el modo con que podrán librarse de las demasias y locuras de sus mujeres.
=752  \\$aSpain$dMadrid.
=856  40$uhttp://cudl.lib.cam.ac.uk/view/PR-11450-EE-00006-00079$yCambridge Digital Library
=859  \\$aXLD$bCambridge Digital Library
=CAT  \\$aWR14_159$b00$c20141016$lBLL01$h1656
=CAT  \\$aWR14_181$c20150323$lBLL01$h1403
=CAT  \\$aW1606-1753$c20171028$lBLL01$h1604
=SRC  \\$aBLWrongdoing
=LAS  \\$aW1606-1753$b00$c20171028$lBLL01$h1604

