=LDR  01867 am a2200457 a 4500
=001  016894722
=003  Uk
=005  20140130165938.0
=006  m\\\\||\\d\|\\\\\\
=007  cr\|||||||||||
=008  140130s1859\\\\sp\a\\\\o\\\\\000\0\spa\\
=FMT  \\$a  BK
=040  \\$aUkCU$beng$cUkCU$dUk
=245  00$aSermon de las modas :$bsermon satírico burlesco sobre el modo de vestir que se usaba antiguamente y el que se estila hoy dia /$ccompuesto en el año de poco trigo, por el Doctor Sancho Tira-Tripas, graduado de Bachiller en la Universidad de Nantes.
=246  30$aSermon satírico burlesco sobre el modo de vestir que se usaba antiguamente y el que se estila hoy dia
=260  \\$aMadrid :$bImp. de José M. Marés, plazuela de la Cebada, núm. 96,$c1859.
=300  \\$a1 online resource
=336  \\$atext$2rdacontent
=337  \\$acomputer$2rdamedia
=338  \\$aonline resources$2rdacarrier
=500  \\$aText printed in two columns.
=500  \\$aFour separate illustrations incorporated within title.
=500  \\$aIn verse.
=500  \\$aCaption title.
=500  \\$aImprint from colophon.
=500  \\$a"(Núm. 131.)"
=599  \\$aItem no. T80 in volume 11450.ee.6.$5Uk
=533  \\$aElectronic Reproduction$bLondon$cBritish Library$d2012$nItem no. T80 in volume 11450.ee.6.$5Uk
=650  \0$aSatire, Spanish.
=650  \0$aFashion.
=650  \4$aSátira española.
=650  \4$aModa.
=655  \7$aChapbooks$zSpain.$2rbgenr
=752  \\$aSpain$dMadrid.
=856  40$uhttp://cudl.lib.cam.ac.uk/view/PR-11450-EE-00006-00080$yCambridge Digital Library
=859  \\$aXLD$bCambridge Digital Library
=CAT  \\$aWR14_159$b00$c20141016$lBLL01$h1656
=CAT  \\$aWR14_181$c20150323$lBLL01$h1403
=CAT  \\$aW1606-1753$c20171028$lBLL01$h1604
=SRC  \\$aBLWrongdoing
=LAS  \\$aW1606-1753$b00$c20171028$lBLL01$h1604

