=LDR  02102 am a2200481 a 4500
=001  016894723
=003  Uk
=005  20140602092937.0
=006  m\\\\||\\d\|\\\\\\
=007  cr\|||||||||||
=008  140130q17811793sp\a\\\\o\\\\\000\0\spa\d
=FMT  \\$a  BK
=040  \\$aUkCU$beng$cUkCU$dUk
=245  00$aNueva relacion y copia de una carta que escribió un hijo á su padre :$ben que le diò á entender los tormentos que padecia en su cautiverio en la ciudad de Argél, como verá el curioso lector : primera parte.
=260  \\$aSe hallará en Málaga :$bEn la imprenta y libreria de D. Felix de Casas y Martinez, frente el Santo Cristo de la Salud ...,$c[between 1781 and 1793?]
=300  \\$a1 online resource
=336  \\$atext$2rdacontent
=337  \\$acomputer$2rdamedia
=338  \\$aonline resources$2rdacarrier
=500  \\$aText printed in two columns.
=500  \\$aIn verse.
=500  \\$aTwo separate illustrations below title; second part with two additional illustrations below title.
=500  \\$aCaption title.
=500  \\$aImprint from colophon.
=500  \\$a"(245)"
=500  \\$aIn two parts. Part two has title: "El cautivo de Gerona: respuesta que embio el padre á su hijo, consolandolo en sus trajos y de la forma que fué rescatado : segunda parte."
=599  \\$aItem no. T1 in volume 11450.f.28.$5Uk
=533  \\$aElectronic Reproduction$bLondon$cBritish Library$d2012$nItem no. T1 in volume 11450.f.28.$5Uk
=650  \0$aFathers and sons.
=650  \4$aPadres e hijos.
=650  \4$aCautivos.
=655  \7$aChapbooks$zSpain.$2rbgenr
=662  \\$aSpain$dGerona$2lcsh-naf
=662  \\$aAlgeria$2lcsh-naf
=740  02$aCautivo de Gerona.
=752  \\$aSpain$dMálaga.
=856  40$uhttp://cudl.lib.cam.ac.uk/view/PR-11450-F-00028-00001$yCambridge Digital Library
=859  \\$aXLD$bCambridge Digital Library
=CAT  \\$aWR14_159$b00$c20141016$lBLL01$h1656
=CAT  \\$aWR14_181$c20150323$lBLL01$h1403
=CAT  \\$aW1606-1753$c20171028$lBLL01$h1604
=SRC  \\$aBLWrongdoing
=LAS  \\$aW1606-1753$b00$c20171028$lBLL01$h1604

