=LDR  02748 am a2200601 a 4500
=001  016894724
=003  Uk
=005  20140602092901.0
=006  m\\\\||\\d\|\\\\\\
=007  cr\|||||||||||
=008  140130q17811793sp\a\\\\o\\\\\000\0\spa\d
=FMT  \\$a  BK
=040  \\$aUkCU$beng$cUkCU$dUk
=245  00$aNuevo y curioso romance que trata de dos portentosos milagros que ha obrado el Sr. S. Antonio de Padua con un devoto D. Francisco de Hermosilla y Valdepeñas :$bdeclarase, como el caballero fue cautivo y allá renegó y se casó con la turca : San Antonio a lo militar : primera parte.
=246  30$aSan Antonio a lo militar
=260  \\$aSe hallará en Málaga :$bEn la imprenta y libreria de D. Felix de Casas y Martinez, frente el Santo Cristo de la Salud ...,$c[between 1781 and 1793?]
=300  \\$a1 online resource
=336  \\$atext$2rdacontent
=337  \\$acomputer$2rdamedia
=338  \\$aonline resources$2rdacarrier
=500  \\$aText printed in two columns.
=500  \\$aIn verse.
=500  \\$aTwo separate illustrations at head of title.
=500  \\$aCaption title.
=500  \\$aImprint from colophon.
=500  \\$a"167."
=500  \\$aIn two parts.
=599  \\$aItem no. T2 in volume 11450.f.28.$5Uk
=599  \\$aLibrary copy has p. [3-4] of pt. 1 bound after pt. 2.$5UkCU
=533  \\$aElectronic Reproduction$bLondon$cBritish Library$d2012$nItem no. T2 in volume 11450.f.28.$nLibrary copy has p. [3-4] of pt. 1 bound after pt. 2.$5Uk
=600  00$aAnthony,$cof Padua, Saint,$d1195-1231$xMiracles.
=650  \4$aFrancisco de Hermosilla y Valdepeñas (Fictitious character)
=650  \4$aTomasa de Castilla y Cerezuela (Fictitious character)
=650  \0$aChristianity and other religions$xIslam.
=650  \0$aIslam$xRelations$xChristianity.
=650  \0$aConversion$xChristianity.
=650  \4$aCristianismo y otras religiones$xIslamismo.
=650  \4$aIslamismo$xRelaciones$xCristianismo.
=650  \4$aConversión religiosa$xCristianismo.
=653  \1$aSan Antonio de Padua, 1195-1231--Milagros.
=653  \1$aFrancisco de Hermosilla y Valdepeñas (Personaje ficticio)
=653  \1$aTomasa de Castilla y Cerezuela (Personaje ficticio)
=655  \7$aChapbooks$zSpain.$2rbgenr
=662  \\$aSpain$dBurgos$2lcsh-naf
=752  \\$aSpain$dMálaga.
=856  40$uhttp://cudl.lib.cam.ac.uk/view/PR-11450-F-00028-00002$yCambridge Digital Library
=859  \\$aXLD$bCambridge Digital Library
=CAT  \\$aWR14_159$b00$c20141016$lBLL01$h1656
=CAT  \\$aBATCH-UPD$b00$c20141016$lBLL01$h1711
=CAT  \\$aWR14_181$c20150323$lBLL01$h1403
=CAT  \\$aW1606-1753$c20171028$lBLL01$h1604
=SRC  \\$aBLWrongdoing
=LAS  \\$aW1606-1753$b00$c20171028$lBLL01$h1604

