=LDR  02708 am a2200541 a 4500
=001  016894725
=003  Uk
=005  20140602093118.0
=006  m\\\\||\\d\|\\\\\\
=007  cr\|||||||||||
=008  140131q18011850sp\a\\\\o\\\\\000\0\spa\\
=FMT  \\$a  BK
=040  \\$aUkCU$beng$cUkCU$dUk
=245  00$aD. Fernando de Aragon :$bRelacion verdadera y curioso romance en que se dá cuenta de un particular suceso que sucedió á un enamorado caballero de la ciudad de Ronda, el qual viendose despreciado de una señora á quien adoraba executó por medio de un negro esclavo suyo la mas infame venganza que se ha escrito jamás en las historias : parte primera.
=246  3\$aDon Fernando de Aragon
=246  30$aRelacion verdadera y curioso romance en que se dá cuenta de un particular suceso que sucedió á un enamorado caballero de la ciudad de Ronda
=260  \\$aSe hallará en Malaga :$bEn la imprenta y libreria de D. Felix de Casas y Martinez, frente del Sto. Christo de la Salud ...,$c[between 1781 and 1793?]
=300  \\$a1 online resource
=336  \\$atext$2rdacontent
=337  \\$acomputer$2rdamedia
=338  \\$aonline resources$2rdacarrier
=500  \\$aText printed in two columns.
=500  \\$aIn verse.
=500  \\$aThree separate illustrations at head of title; second part with one additional illustration at head of title.
=500  \\$aCaption title.
=500  \\$aImprint from colophon.
=500  \\$a"(24)."
=500  \\$aIn two parts. Part two has title: "Segunda parte en que se da fin a este notable suceso y se refiere el desgraciado fin que tuvieron el amo y el negro."
=599  \\$aItem no. T3 in volume 11450.f.28.$5Uk
=533  \\$aElectronic Reproduction$bLondon$cBritish Library$d2012$nItem no. T3 in volume 11450.f.28.$5Uk
=650  \0$aRevenge.
=650  \4$aFernando de Aragon (Fictitious character)
=650  \4$aElvira Romero (Fictitious character)
=650  \4$aVenganza
=650  \4$aEsclavos.
=653  \1$aFernando de Aragon (Personaje ficticio)
=653  \1$aElvira Romero (Personaje ficticio)
=655  \7$aChapbooks$zSpain.$2rbgenr
=662  \\$aSpain$dRonda (Málaga)$2lcsh-naf
=740  02$aSegunda parte en que se da fin a este notable suceso y se refiere el desgraciado fin que tuvieron el amo y el negro.
=752  \\$aSpain$dMálaga.
=856  40$uhttp://cudl.lib.cam.ac.uk/view/PR-11450-F-00028-00003$yCambridge Digital Library
=859  \\$aXLD$bCambridge Digital Library
=CAT  \\$aWR14_159$b00$c20141016$lBLL01$h1656
=CAT  \\$aWR14_181$c20150323$lBLL01$h1403
=CAT  \\$aW1606-1753$c20171028$lBLL01$h1604
=SRC  \\$aBLWrongdoing
=LAS  \\$aW1606-1753$b00$c20171028$lBLL01$h1604

