=LDR  02209 am a2200517 a 4500
=001  016894728
=003  Uk
=005  20140602092914.0
=006  m\\\\||\\d\|\\\\\\
=007  cr\|||||||||||
=008  140131q17811793sp\a\\\\o\\\\\000\0\spa\d
=FMT  \\$a  BK
=040  \\$aUkCU$beng$cUkCU$dUk
=245  00$aNuevo y curioso romance en que se da cuenta de los amores de D. Diego del Castillo :$btambien se refiere la reñida pendencia que tuvo, en la qual hubo cinco heridos, y entre ellos el padre de la señora : primera parte.
=260  \\$aSe hallará en Málaga :$bEn la imprenta y libreria de D. Felix de Casas y Martinez, frente del Santo Cristo de la Salud ...,$c[between 1781 and 1793?]
=300  \\$a1 online resource
=336  \\$atext$2rdacontent
=337  \\$acomputer$2rdamedia
=338  \\$aonline resources$2rdacarrier
=500  \\$aText printed in two columns.
=500  \\$aIn verse.
=500  \\$aTwo separate illustrations at head of title; second part with two additional illustrations at head of title.
=500  \\$aCaption title.
=500  \\$aImprint from colophon.
=500  \\$a"(171)."
=500  \\$aIn two parts.
=599  \\$aItem no. T6 in volume 11450.f.28.$5Uk
=599  \\$aLibrary copy has pages [5-8] bound before pages [3-4] of the pliego.$5Uk
=533  \\$aElectronic Reproduction$bLondon$cBritish Library$d2012$nItem no. T6 in volume 11450.f.28.$nLibrary copy has pages [5-8] bound before pages [3-4] of the pliego.$5Uk
=650  \0$aFathers and daughters.
=650  \4$aPadres e hijas.
=650  \0$aElopement.
=650  \4$aDiego del Castillo (Fictitious character)
=650  \4$aBodas.
=653  \0$aFuga.
=653  \1$aDiego del Castillo (Personaje ficticio)
=655  \7$aChapbooks$zSpain.$2rbgenr
=662  \\$aSpain$dToledo$2lcsh-naf
=752  \\$aSpain$dMálaga.
=856  40$uhttp://cudl.lib.cam.ac.uk/view/PR-11450-F-00028-00006$yCambridge Digital Library
=859  \\$aXLD$bCambridge Digital Library
=CAT  \\$aWR14_159$b00$c20141016$lBLL01$h1656
=CAT  \\$aWR14_181$c20150323$lBLL01$h1403
=CAT  \\$aW1606-1753$c20171028$lBLL01$h1604
=SRC  \\$aBLWrongdoing
=LAS  \\$aW1606-1753$b00$c20171028$lBLL01$h1604

