=LDR  01642 am a2200457 a 4500
=001  016894729
=003  Uk
=005  20140602092823.0
=006  m\\\\||\\d\|\\\\\\
=007  cr\|||||||||||
=008  140131q17811793sp\\\\\\o\\\\\000\0\spa\d
=FMT  \\$a  BK
=040  \\$aUkCU$beng$cUkCU$dUk
=245  00$aRelacion El catalan Serrallonga :$by bandos de Barcelona /$cde tres ingenios.
=246  30$aCatalan Serrallonga
=260  \\$aSe hallará en Málaga :$bEn la imprenta Don Felix de Casas y Martinez, frente del Santo Cristo de la Salud ...,$c[between 1781 and 1793?]
=300  \\$a1 online resource
=336  \\$atext$2rdacontent
=337  \\$acomputer$2rdamedia
=338  \\$aonline resources$2rdacarrier
=500  \\$aText printed in two columns.
=500  \\$aIn verse.
=500  \\$aCaption title.
=500  \\$aImprint from colophon.
=500  \\$a"130."
=599  \\$aItem no. T7 in volume 11450.f.28.$5Uk
=533  \\$aElectronic Reproduction$bLondon$cBritish Library$d2012$nItem no. T7 in volume 11450.f.28.$5Uk
=600  10$aSerrallonga, Joan de,$d1594?-1634.
=650  \0$aBrigands and robbers.
=650  \0$aRevenge.
=650  \4$aBandoleros.
=650  \4$aVenganza.
=655  \7$aChapbooks$zSpain.$2rbgenr
=752  \\$aSpain$dMálaga.
=856  40$uhttp://cudl.lib.cam.ac.uk/view/PR-11450-F-00028-00007$yCambridge Digital Library
=859  \\$aXLD$bCambridge Digital Library
=CAT  \\$aWR14_159$b00$c20141016$lBLL01$h1656
=CAT  \\$aWR14_181$c20150323$lBLL01$h1403
=CAT  \\$aW1606-1753$c20171028$lBLL01$h1604
=SRC  \\$aBLWrongdoing
=LAS  \\$aW1606-1753$b00$c20171028$lBLL01$h1604

