=LDR  02062 am a2200481 a 4500
=001  016894731
=003  Uk
=005  20140602093045.0
=006  m\\\\||\\d\|\\\\\\
=007  cr\|||||||||||
=008  140131q17811793sp\a\\\\o\\\\\000\0\spa\d
=FMT  \\$a  BK
=040  \\$aUkCU$beng$cUkCU$dUk
=245  00$aDe los romances graciosos y entretenidos de los chascos que le sucedieron á Don Juan de Yelves, magico en la nigromancia de la ciudad de Lisboa, que sacó á una dama de casa de sus padres en una nube, para traersela á Carmona :$by lo que le sucedió con otro magico de la ciudad de Sevilla, el qual le quitó la dama de la nube en que la traia : primera parte.
=260  \\$aSe hallará en Málaga :$bEn la imprenta y libreria de D. Felix de Casas y Martinez, frente el Santo Cristo de la Salud ...,$c[between 1781 and 1793?]
=300  \\$a1 online resource
=336  \\$atext$2rdacontent
=337  \\$acomputer$2rdamedia
=338  \\$aonline resources$2rdacarrier
=500  \\$aText printed in two columns.
=500  \\$aIn verse.
=500  \\$aIllustration at head of title.
=500  \\$aCaption title.
=500  \\$aImprint from colophon.
=500  \\$a"Núm. 138."
=500  \\$aIn two parts.
=599  \\$aItem no. T9 in volume 11450.f.28.$5Uk
=533  \\$aElectronic Reproduction$bLondon$cBritish Library$d2012$nItem no. T9 in volume 11450.f.28.$5Uk
=650  \4$aJuan de Yelves (Fictitious character)
=650  \0$aMagic.
=650  \4$aMagia.
=653  \1$aJuan de Yelves (Personaje ficticio)
=655  \7$aChapbooks$zSpain.$2rbgenr
=662  \\$aPortugal$dLisbon$2lcsh-naf
=662  \\$aSpain$dSeville$2lcsh-naf
=752  \\$aSpain$dMálaga.
=856  40$uhttp://cudl.lib.cam.ac.uk/view/PR-11450-F-00028-00009$yCambridge Digital Library
=859  \\$aXLD$bCambridge Digital Library
=CAT  \\$aWR14_159$b00$c20141016$lBLL01$h1656
=CAT  \\$aWR14_181$c20150323$lBLL01$h1403
=CAT  \\$aW1606-1753$c20171028$lBLL01$h1604
=SRC  \\$aBLWrongdoing
=LAS  \\$aW1606-1753$b00$c20171028$lBLL01$h1604

