=LDR  01682 am a2200445 a 4500
=001  016894733
=003  Uk
=005  20140602092623.0
=006  m\\\\||\\d\|\\\\\\
=007  cr\|||||||||||
=008  140131q17811793sp\a\\\\o\\\\\000\0\spa\d
=FMT  \\$a  BK
=040  \\$aUkCU$beng$cUkCU$dUk
=245  00$aRelacion La impresion de las llagas al Serafin de la iglesia.
=246  30$aImpresion de las llagas al Serafin de la iglesia.
=260  \\$aCon licencia en Málaga :$bEn la imprenta y libreria de Don Felix de Casas y Martinez, frente del Sto. Cristo de la Salud ...,$c[between 1781 and 1793?]
=300  \\$a1 online resource
=336  \\$atext$2rdacontent
=337  \\$acomputer$2rdamedia
=338  \\$aonline resources$2rdacarrier
=500  \\$aText printed in two columns.
=500  \\$aIn verse.
=500  \\$aIllustration incorporated within title.
=500  \\$aCaption title.
=500  \\$aImprint from colophon.
=500  \\$a"(133)."
=599  \\$aItem no. T11 in volume 11450.f.28.$5Uk
=533  \\$aElectronic Reproduction$bLondon$cBritish Library$d2012$nItem no. T11 in volume 11450.f.28.$5Uk
=650  \0$aReligious literature, Spanish.
=650  \4$aLiteratura religiosa española.
=650  \4$aAngeles.
=655  \7$aChapbooks$zSpain.$2rbgenr
=752  \\$aSpain$dMálaga.
=856  40$uhttp://cudl.lib.cam.ac.uk/view/PR-11450-F-00028-00011$yCambridge Digital Library
=859  \\$aXLD$bCambridge Digital Library
=CAT  \\$aWR14_159$b00$c20141016$lBLL01$h1656
=CAT  \\$aWR14_181$c20150323$lBLL01$h1403
=CAT  \\$aW1606-1753$c20171028$lBLL01$h1604
=SRC  \\$aBLWrongdoing
=LAS  \\$aW1606-1753$b00$c20171028$lBLL01$h1604

