=LDR  02514 am a2200481 a 4500
=001  016894738
=003  Uk
=005  20140602092847.0
=006  m\\\\||\\d\|\\\\\\
=007  cr\|||||||||||
=008  140131q17811793sp\a\\\\o\\\\\000\0\spa\d
=FMT  \\$a  BK
=040  \\$aUkCU$beng$cUkCU$dUk
=245  03$aEl portugues y el frances :$bgracioso romance, en que declara la burla que á un portugués remendon y á un francés aguador, en la villa y corte de Madrid les jugó una señora y su marido, sacandoles en cueros en unas arcas à la plaza mayor, fingiendo era el Totilimundi : dáse cuenta como al francés le quitaron doce doblones y al portugués treinta pesos, porque la requebrantan de amores, con otras cosas graciosas que aquí se verán : primera parte.
=246  30$aGracioso romance, en que declara la burla que á un portugués remendon y á un francés aguador, en la villa y corte de Madrid les jugó una señora y su marido
=260  \\$aSe hallará en Málaga :$bEn la imprenta y libreria de D. Felix de Casas y Martinez, frente el Santo Cristo de la Salud ...,$c[between 1781 and 1793?]
=300  \\$a1 online resource
=336  \\$atext$2rdacontent
=337  \\$acomputer$2rdamedia
=338  \\$aonline resources$2rdacarrier
=500  \\$aText printed in two columns.
=500  \\$aIn verse.
=500  \\$aTwo separate illustrations at head of title.
=500  \\$aCaption title.
=500  \\$aImprint from colophon.
=500  \\$a"42."
=500  \\$aIn two parts. Part two has title: "Segunda parte del portugues y el frances."
=599  \\$aItem no. T16 in volume 11450.f.28.$5Uk
=599  \\$aLibrary copy has pages [5-8] bound before pages [3-4] of the pliego.$5UkCU
=533  \\$aElectronic Reproduction$bLondon$cBritish Library$d2012$nItem no. T16 in volume 11450.f.28.$nLibrary copy has pages [5-8] bound before pages [3-4] of the pliego.$5Uk
=650  \0$aSatire, Spanish.
=650  \4$aSátira española.
=655  \7$aChapbooks$zSpain.$2rbgenr
=662  \\$aSpain$dMadrid$2lcsh-naf
=740  02$aSegunda parte del portugues y el frances.
=752  \\$aSpain$dMálaga.
=856  40$uhttp://cudl.lib.cam.ac.uk/view/PR-11450-F-00028-00016$yCambridge Digital Library
=859  \\$aXLD$bCambridge Digital Library
=CAT  \\$aWR14_159$b00$c20141016$lBLL01$h1656
=CAT  \\$aWR14_181$c20150323$lBLL01$h1403
=CAT  \\$aW1606-1753$c20171028$lBLL01$h1604
=SRC  \\$aBLWrongdoing
=LAS  \\$aW1606-1753$b00$c20171028$lBLL01$h1604

