=LDR  01416 am a2200421 a 4500
=001  016894740
=003  Uk
=005  20140602092950.0
=006  m\\\\||\\d\|\\\\\\
=007  cr\|||||||||||
=008  140131q18221844sp\\\\\\o\\\\\000\0\spa\d
=FMT  \\$a  BK
=040  \\$aUkCU$beng$cUkCU$dUk
=245  00$aNueva cancion de La beata chismosa.
=246  30$aBeata chismosa
=260  \\$aCórdoba :$bImprenta de Garcia,$c[between 1822 and 1844?]
=300  \\$a1 online resource
=336  \\$atext$2rdacontent
=337  \\$acomputer$2rdamedia
=338  \\$aonline resources$2rdacarrier
=500  \\$aText printed in two columns.
=500  \\$aIn verse.
=500  \\$aCaption title.
=500  \\$aImprint from colophon.
=599  \\$aItem no. T18 in volume 11450.f.28.$5Uk
=533  \\$aElectronic Reproduction$bLondon$cBritish Library$d2012$nItem no. T18 in volume 11450.f.28.$5Uk
=650  \0$aSongs, Spanish$vTexts.
=650  \0$aGossip.
=650  \4$aChismorreo.
=655  \7$aChapbooks$zSpain.$2rbgenr
=752  \\$aSpain$dCórdoba.
=856  40$uhttp://cudl.lib.cam.ac.uk/view/PR-11450-F-00028-00018$yCambridge Digital Library
=859  \\$aXLD$bCambridge Digital Library
=CAT  \\$aWR14_159$b00$c20141016$lBLL01$h1656
=CAT  \\$aWR14_181$c20150323$lBLL01$h1403
=CAT  \\$aW1606-1753$c20171028$lBLL01$h1604
=SRC  \\$aBLWrongdoing
=LAS  \\$aW1606-1753$b00$c20171028$lBLL01$h1604

