=LDR  01944 am a2200481 a 4500
=001  016894743
=003  Uk
=005  20150225123750.0
=006  m\\\\||\\d\|\\\\\\
=007  cr\|||||||||||
=008  140131q17981825sp\a\\\\o\\\\\000\0\spa\\
=FMT  \\$a  BK
=040  \\$aUkCU$beng$cUkCU$dUk
=245  00$aQuatro romances :$bEl primero de la batalla naval que el Señor Don Juan de Austria tuvo con la Armada del Gran Turco : los otros son una carta y presente que el Gran Turco le envió y respuesta del Señor Don Juan.
=260  \\$aCon licencia en Córdoba :$bEn la imprenta de D. Luis de Ramos y Coria, plazuela de las Cañas,$c[between 1798 and 1825?]
=300  \\$a1 online resource
=336  \\$atext$2rdacontent
=337  \\$acomputer$2rdamedia
=338  \\$aonline resources$2rdacarrier
=500  \\$aText printed in two columns.
=500  \\$aIn verse.
=500  \\$aTwo separate llustrations at head of title.
=500  \\$aCaption title.
=500  \\$aImprint from colophon.
=500  \\$a"Num. 219."
=599  \\$aItem no. T21 in volume 11450.f.28.$5Uk
=533  \\$aElectronic Reproduction$bLondon$cBritish Library$d2012$nItem no. T21 in volume 11450.f.28.$5Uk
=600  00$aJohn,$cof Austria,$d1547-1578.
=650  \0$aLepanto, Battle of, Greece, 1571.
=650  \4$aLepanto, Batalla de, Grecia, 1571.
=653  \1$aJuan, de Austria, 1547-1578.
=655  \7$aChapbooks$zSpain.$2rbgenr
=662  \\$aItaly$dSicily$2lcsh-naf
=662  \\$aTurkey$2lcsh-naf
=752  \\$aSpain$dCórdoba.
=856  40$uhttp://cudl.lib.cam.ac.uk/view/PR-11450-F-00028-00021$yCambridge Digital Library
=859  \\$aXLD$bCambridge Digital Library
=CAT  \\$aWR14_159$b00$c20141016$lBLL01$h1656
=CAT  \\$a2833$b40$c20150225$lBLL01$h1237
=CAT  \\$aWR14_181$c20150323$lBLL01$h1403
=CAT  \\$aW1606-1753$c20171028$lBLL01$h1604
=SRC  \\$aBLWrongdoing
=LAS  \\$aW1606-1753$b00$c20171028$lBLL01$h1604

