=LDR  01484 am a2200421 a 4500
=001  016894744
=003  Uk
=005  20140602092543.0
=006  m\\\\||\\d\|\\\\\\
=007  cr\|||||||||||
=008  140131q17981825sp\\\\\\o\\\\\000\1\spa\d
=FMT  \\$a  BK
=040  \\$aUkCU$beng$cUkCU$dUk
=245  00$aRelacion Las glorias del mejor siglo.
=246  30$aGlorias del mejor siglo
=260  \\$aCon licencia en Cordoba :$bEn la imprenta de D. Luis de Ramos y Coria, plazuela de las Cañas ...,$c[between 1798 and 1825?]
=300  \\$a1 online resource
=336  \\$atext$2rdacontent
=337  \\$acomputer$2rdamedia
=338  \\$aonline resources$2rdacarrier
=500  \\$aText printed in two columns.
=500  \\$aIn verse.
=500  \\$aCaption title.
=500  \\$aImprint from colophon.
=500  \\$a"Núm. 283."
=599  \\$aItem no. T22 in volume 11450.f.28.$5Uk
=533  \\$aElectronic Reproduction$bLondon$cBritish Library$d2012$nItem no. T22 in volume 11450.f.28.$5Uk
=650  \0$aHistory.
=650  \4$aHistoria.
=655  \7$aChapbooks$zSpain.$2rbgenr
=752  \\$aSpain$dCórdoba.
=856  40$uhttp://cudl.lib.cam.ac.uk/view/PR-11450-F-00028-00022$yCambridge Digital Library
=859  \\$aXLD$bCambridge Digital Library
=CAT  \\$aWR14_159$b00$c20141016$lBLL01$h1656
=CAT  \\$aWR14_181$c20150323$lBLL01$h1403
=CAT  \\$aW1606-1753$c20171028$lBLL01$h1604
=SRC  \\$aBLWrongdoing
=LAS  \\$aW1606-1753$b00$c20171028$lBLL01$h1604

