=LDR  01772 am a2200481 a 4500
=001  016894747
=003  Uk
=005  20140602093124.0
=006  m\\\\||\\d\|\\\\\\
=007  cr\|||||||||||
=008  140131q17981825sp\a\\\\o\\\\\000\0\spa\\
=FMT  \\$a  BK
=040  \\$aUkCU$beng$cUkCU$dUk
=245  00$aCurioso romance en que se declaran las portentosas hazañas del valiente Bernardo del Montijo.
=246  30$aBernardo del Montijo
=260  \\$aCon licencia en Cordoba :$bEn la imprenta de Don Luis de Ramos y Coria, calle de Armas, num. 4,$c[between 1798 and 1825?]
=300  \\$a1 online resource
=336  \\$atext$2rdacontent
=337  \\$acomputer$2rdamedia
=338  \\$aonline resources$2rdacarrier
=500  \\$aText printed in two columns.
=500  \\$aIn verse.
=500  \\$aIllustration at head of title.
=500  \\$aCaption title.
=500  \\$a"Num. 6."
=599  \\$aItem no. T25 in volume 11450.f.28.$5Uk
=533  \\$aElectronic Reproduction$bLondon$cBritish Library$d2012$nItem no. T25 in volume 11450.f.28.$5Uk
=650  \0$aBrigands and robbers.
=650  \0$aCriminals.
=650  \4$aBernardo del Montijo (Fictitious character)
=650  \4$aBandoleros.
=650  \4$aDelincuentes.
=653  \1$aBernardo del Montijo (Personaje ficticio)
=655  \7$aChapbooks$zSpain.$2rbgenr
=662  \\$aSpain$dAndalusia$2lcsh-naf
=752  \\$aSpain$dCórdoba.
=856  40$uhttp://cudl.lib.cam.ac.uk/view/PR-11450-F-00028-00025$yCambridge Digital Library
=859  \\$aXLD$bCambridge Digital Library
=CAT  \\$aWR14_159$b00$c20141016$lBLL01$h1656
=CAT  \\$aWR14_181$c20150323$lBLL01$h1403
=CAT  \\$aW1606-1753$c20171028$lBLL01$h1604
=SRC  \\$aBLWrongdoing
=LAS  \\$aW1606-1753$b00$c20171028$lBLL01$h1604

