=LDR  01596 am a2200457 a 4500
=001  016894748
=003  Uk
=005  20140602093003.0
=006  m\\\\||\\d\|\\\\\\
=007  cr\|||||||||||
=008  140131q17981825sp\\\\\\o\\\\\000\0\spa\\
=FMT  \\$a  BK
=040  \\$aUkCU$beng$cUkCU$dUk
=100  0\$aGalan.
=245  14$aLos hijos de la Fortuna :$bTeagenenes y Clariquea /$cde Galan.
=246  30$aTeagenenes y Clariquea
=260  \\$aEn Córdoba :$bEn la imprenta de Don Luis de Ramos y Coria, calle de Armas,$c[between 1798 and 1825?]
=300  \\$a1 online resource
=336  \\$atext$2rdacontent
=337  \\$acomputer$2rdamedia
=338  \\$aonline resources$2rdacarrier
=500  \\$aText printed in a single column; last page in two columns.
=500  \\$aIn verse.
=500  \\$aCaption title.
=500  \\$aImprint from colophon.
=500  \\$a"Num. 257."
=599  \\$aItem no. T26 in volume 11450.f.28.$5Uk
=533  \\$aElectronic Reproduction$bLondon$cBritish Library$d2012$nItem no. T26 in volume 11450.f.28.$5Uk
=650  \0$aGiants.
=650  \4$aGigantes.
=650  \4$aCautivos.
=655  \7$aChapbooks$zSpain.$2rbgenr
=662  \\$aEthiopia$2lcsh-naf
=752  \\$aSpain$dCórdoba.
=856  40$uhttp://cudl.lib.cam.ac.uk/view/PR-11450-F-00028-00026$yCambridge Digital Library
=859  \\$aXLD$bCambridge Digital Library
=CAT  \\$aWR14_159$b00$c20141016$lBLL01$h1656
=CAT  \\$aWR14_181$c20150323$lBLL01$h1403
=CAT  \\$aW1606-1753$c20171028$lBLL01$h1604
=SRC  \\$aBLWrongdoing
=LAS  \\$aW1606-1753$b00$c20171028$lBLL01$h1604

