=LDR  01666 am a2200445 a 4500
=001  016894751
=003  Uk
=005  20140602092956.0
=006  m\\\\||\\d\|\\\\\\
=007  cr\|||||||||||
=008  140131s1846\\\\sp\a\\\\o\\\\\000\0\spa\d
=FMT  \\$a  BK
=040  \\$aUkCU$beng$cUkCU$dUk
=245  00$aHistoria del nuevo navegador, ó sea, La sagrada pasion de Jesucristo nuestro salvador.
=246  30$aSagrada pasion de Jesucristo nuestro salvador
=260  \\$aEn Valladolid :$bImprenta de D. Dámaso Santaren, portales de Espadería, número 9 ...,$cAño de 1846.
=300  \\$a1 online resource
=336  \\$atext$2rdacontent
=337  \\$acomputer$2rdamedia
=338  \\$aonline resources$2rdacarrier
=500  \\$aText printed in two columns.
=500  \\$aIn verse.
=500  \\$aTwo separate illustrations at head of title.
=500  \\$aCaption title.
=500  \\$a"(Pliegos 4)."
=599  \\$aItem no. T29 in volume 11450.f.28.$5Uk
=533  \\$aElectronic Reproduction$bLondon$cBritish Library$d2012$nItem no. T29 in volume 11450.f.28.$5Uk
=600  00$aJesus Christ.
=600  04$aJesucristo.
=650  \0$aChristian literature, Spanish.
=650  \4$aLiteratura religiosa española.
=655  \7$aChapbooks$zSpain.$2rbgenr
=752  \\$aSpain$dValladolid.
=856  40$uhttp://cudl.lib.cam.ac.uk/view/PR-11450-F-00028-00029$yCambridge Digital Library
=859  \\$aXLD$bCambridge Digital Library
=CAT  \\$aWR14_159$b00$c20141016$lBLL01$h1656
=CAT  \\$aWR14_181$c20150323$lBLL01$h1403
=CAT  \\$aW1606-1753$c20171028$lBLL01$h1604
=SRC  \\$aBLWrongdoing
=LAS  \\$aW1606-1753$b00$c20171028$lBLL01$h1604

