=LDR  01673 am a2200457 a 4500
=001  016894757
=003  Uk
=005  20140602092944.0
=006  m\\\\||\\d\|\\\\\\
=007  cr\|||||||||||
=008  140203q17981825sp\a\\\\o\\\\\000\0\spa\\
=FMT  \\$a  BK
=040  \\$aUkCU$beng$cUkCU$dUk
=245  00$aNueva relacion de D. Reynaldos de Montalvan, el mejor par de los doce.
=246  3\$aNueva relacion de Don Reynaldos de Montalvan, el mejor par de los doce.
=260  \\$aCon licencia en Cordoba :$bEn la imprenta de D. Luis de Ramos y Coria, plazuela de las Cañas,$c[between 1798 and 1825?]
=300  \\$a1 online resource
=336  \\$atext$2rdacontent
=337  \\$acomputer$2rdamedia
=338  \\$aonline resources$2rdacarrier
=500  \\$aText printed in two columns.
=500  \\$aIn verse.
=500  \\$aIllustration at head of title.
=500  \\$aCaption title.
=500  \\$aImprint from colophon.
=500  \\$a"Num. 92."
=599  \\$aItem no. T35 in volume 11450.f.28.$5Uk
=533  \\$aElectronic Reproduction$bLondon$cBritish Library$d2012$nItem no. T35 in volume 11450.f.28.$5Uk
=650  \0$aExile (Punishment)
=650  \0$aSubmissiveness.
=650  \4$aExilio.
=650  \4$aSumisión.
=655  \7$aChapbooks$zSpain.$2rbgenr
=752  \\$aSpain$dCórdoba.
=856  40$uhttp://cudl.lib.cam.ac.uk/view/PR-11450-F-00028-00035$yCambridge Digital Library
=859  \\$aXLD$bCambridge Digital Library
=CAT  \\$aWR14_159$b00$c20141016$lBLL01$h1656
=CAT  \\$aWR14_181$c20150323$lBLL01$h1403
=CAT  \\$aW1606-1753$c20171028$lBLL01$h1604
=SRC  \\$aBLWrongdoing
=LAS  \\$aW1606-1753$b00$c20171028$lBLL01$h1604

