=LDR  01734 am a2200493 a 4500
=001  016894766
=003  Uk
=005  20140602093059.0
=006  m\\\\||\\d\|\\\\\\
=007  cr\|||||||||||
=008  140203q18231838sp\a\\\\o\\\\\000\0\spa\d
=FMT  \\$a  BK
=040  \\$aUkCU$beng$cUkCU$dUk
=245  00$aD. Pedro Salinas.
=246  30$aDon Pedro Salinas
=260  \\$aCórdoba :$bImprenta de Santaló, Canalejas y Compañia,$c[between 1823 and 1838?]
=300  \\$a1 online resource
=336  \\$atext$2rdacontent
=337  \\$acomputer$2rdamedia
=338  \\$aonline resources$2rdacarrier
=500  \\$aText printed in two columns.
=500  \\$aIn verse.
=500  \\$aTwo separate illustrations at head of title.
=500  \\$aCaption title.
=500  \\$aImprint from colophon.
=500  \\$a"Núm. 71."
=599  \\$aItem no. T44 in volume 11450.f.28.$5Uk
=533  \\$aElectronic Reproduction$bLondon$cBritish Library$d2012$nItem no. T44 in volume 11450.f.28.$5Uk
=650  \4$aPedro Salinas (Fictitious character)
=653  \1$aPedro Salinas (Personaje ficticio)
=655  \7$aChapbooks$zSpain.$2rbgenr
=662  \\$aSpain$bJaén$2lcsh-naf
=662  \\$aSpain$bSeville$2lcsh-naf
=662  \\$aSpain$bGranada$2lcsh-naf
=662  \\$aSpain$bMálaga$2lcsh-naf
=662  \\$aSpain$bCeuta$2lcsh-naf
=752  \\$aSpain$dCórdoba.
=856  40$uhttp://cudl.lib.cam.ac.uk/view/PR-11450-F-00028-00044$yCambridge Digital Library
=859  \\$aXLD$bCambridge Digital Library
=CAT  \\$aWR14_159$b00$c20141016$lBLL01$h1656
=CAT  \\$aWR14_181$c20150323$lBLL01$h1403
=CAT  \\$aW1606-1753$c20171028$lBLL01$h1604
=SRC  \\$aBLWrongdoing
=LAS  \\$aW1606-1753$b00$c20171028$lBLL01$h1604

