=LDR  01627 am a2200457 a 4500
=001  016894767
=003  Uk
=005  20140602092831.0
=006  m\\\\||\\d\|\\\\\\
=007  cr\|||||||||||
=008  140203q18231838sp\a\\\\o\\\\\000\0\spa\d
=FMT  \\$a  BK
=040  \\$aUkCU$beng$cUkCU$dUk
=245  00$aRelacion burlesca :$bEl tagardinero de Sevilla.
=246  30$aTagardinero de Sevilla
=260  \\$aCórdoba :$bImprenta de Santaló, Canalejas y Compañia,$c[between 1823 and 1838?]
=300  \\$a1 online resource
=336  \\$atext$2rdacontent
=337  \\$acomputer$2rdamedia
=338  \\$aonline resources$2rdacarrier
=500  \\$aText printed in two columns.
=500  \\$aIn verse.
=500  \\$aTwo separate illustrations at head of title.
=500  \\$aCaption title.
=500  \\$aImprint from colophon.
=500  \\$a"Nùm. 68."
=599  \\$aItem no. T45 in volume 11450.f.28.$5Uk
=533  \\$aElectronic Reproduction$bLondon$cBritish Library$d2012$nItem no. T45 in volume 11450.f.28.$5Uk
=650  \0$aMan-woman relationships.
=650  \0$aWomen$xConduct of life.
=650  \4$aRelaciones hombre-mujer.
=650  \4$aMujeres$xConducta de vida.
=655  \7$aChapbooks$zSpain.$2rbgenr
=752  \\$aSpain$dCórdoba.
=856  40$uhttp://cudl.lib.cam.ac.uk/view/PR-11450-F-00028-00045$yCambridge Digital Library
=859  \\$aXLD$bCambridge Digital Library
=CAT  \\$aWR14_159$b00$c20141016$lBLL01$h1656
=CAT  \\$aWR14_181$c20150323$lBLL01$h1403
=CAT  \\$aW1606-1753$c20171028$lBLL01$h1604
=SRC  \\$aBLWrongdoing
=LAS  \\$aW1606-1753$b00$c20171028$lBLL01$h1604

