=LDR  02191 am a2200565 a 4500
=001  016894768
=003  Uk
=005  20140602093018.0
=006  m\\\\||\\d\|\\\\\\
=007  cr\|||||||||||
=008  140203q18231838sp\a\\\\o\\\\\000\0\spa\d
=FMT  \\$a  BK
=040  \\$aUkCU$beng$cUkCU$dUk
=245  00$aDoña Teresa en la cueva :$bprimera parte.
=260  \\$aCordoba :$bImprenta de Santaló, Canalejas y Compañia,$c[between 1823 and 1838?]
=300  \\$a1 online resource
=336  \\$atext$2rdacontent
=337  \\$acomputer$2rdamedia
=338  \\$aonline resources$2rdacarrier
=500  \\$aText printed in two columns.
=500  \\$aIn verse.
=500  \\$aTwo separate llustrations at head of title; second part with two additional illustrations at head of title.
=500  \\$aCaption title.
=500  \\$aImprint from colophon.
=500  \\$a"Núm. 87."
=500  \\$aIn two parts.
=599  \\$aItem no. T46 in volume 11450.f.28.$5Uk
=599  \\$aLibrary copy has pt. 2 bound before p. [3-4] of pt. 1.$5Uk
=533  \\$aElectronic Reproduction$bLondon$cBritish Library$d2012$nItem no. T46 in volume 11450.f.28.$nLibrary copy has pt. 2 bound before p. [3-4] of pt. 1.$5Uk
=600  00$aJesus Christ$xDevotion to.
=600  04$aJesucristo$xDevoción a.
=650  \4$aManuel de Contreras (Fictitious character)
=650  \4$aTeresa de Rivera (Fictitious character)
=650  \0$aMan-woman relationships.
=650  \4$aRelaciones hombre-mujer.
=650  \4$aDiablo.
=653  \1$aManuel de Contreras (Personaje ficticio)
=653  \1$aTeresa de Rivera (Personaje ficticio)
=655  \7$aChapbooks$zSpain.$2rbgenr
=662  \\$aSpain$dSalamanca$2lcsh-naf
=662  \\$aSpain$dCórdoba$2lcsh-naf
=662  \\$aSpain$gSierra Morena$2lcsh-naf
=752  \\$aSpain$dCórdoba.
=856  40$uhttp://cudl.lib.cam.ac.uk/view/PR-11450-F-00028-00046$yCambridge Digital Library
=859  \\$aXLD$bCambridge Digital Library
=CAT  \\$aWR14_159$b00$c20141016$lBLL01$h1656
=CAT  \\$aWR14_181$c20150323$lBLL01$h1403
=CAT  \\$aW1606-1753$c20171028$lBLL01$h1604
=SRC  \\$aBLWrongdoing
=LAS  \\$aW1606-1753$b00$c20171028$lBLL01$h1604

