=LDR  02014 am a2200457 a 4500
=001  016894769
=003  Uk
=005  20140602093212.0
=006  m\\\\||\\d\|\\\\\\
=007  cr\|||||||||||
=008  140203s1854\\\\po\a\\\\o\\\\\000\0\por\d
=FMT  \\$a  BK
=040  \\$aUkCU$beng$cUkCU$dUk
=041  1\$apor$hspa
=245  00$aAqui se contem duas obras admiraveis novamente compostas :$ba primeira contém huma pratica sentida entre o corpo e a alma e a segunda o Rosario da Virgem Santissima /$ctraduzidas do castelhano em portuguez por Diogo da Costa Lisbonense.
=260  \\$aLisboa :$bNa Typ. de Mathias Jose Marques da Silva, Rua do ouro, n.° 5 ...,$c1854.
=300  \\$a1 online resource
=336  \\$atext$2rdacontent
=337  \\$acomputer$2rdamedia
=338  \\$aonline resources$2rdacarrier
=500  \\$aText printed in two columns.
=500  \\$aIn verse.
=500  \\$aIllustration at head of title; additional illustration at head of p. [7].
=500  \\$aCaption title.
=500  \\$aImprint from colophon.
=500  \\$a"Os quinze mysterios do rosario da Rainha dos anjos": p. [7]-8.
=599  \\$aItem no. T47 in volume 11450.f.28.$5Uk
=599  \\$aLibrary copy has p. [7]-8 of pliego bound after item T48.$5Uk
=533  \\$aElectronic Reproduction$bLondon$cBritish Library$d2012$nItem no. T47 in volume 11450.f.28.$nLibrary copy has p. [7]-8 of pliego bound after item T48.$5Uk
=650  \0$aChristian literature, Spanish.
=650  \4$aLiteratura religiosa española
=655  \7$aChapbooks$zSpain.$2rbgenr
=740  02$aQuinze mysterios do rosario da Rainha dos anjos.
=752  \\$aPortugal$dLisbon.
=856  40$uhttp://cudl.lib.cam.ac.uk/view/PR-11450-F-00028-00047$yCambridge Digital Library
=859  \\$aXLD$bCambridge Digital Library
=CAT  \\$aWR14_159$b00$c20141016$lBLL01$h1656
=CAT  \\$aWR14_181$c20150323$lBLL01$h1403
=CAT  \\$aW1606-1753$c20171028$lBLL01$h1604
=SRC  \\$aBLWrongdoing
=LAS  \\$aW1606-1753$b00$c20171028$lBLL01$h1604

