=LDR  01575 am a2200433 a 4500
=001  016894770
=003  Uk
=005  20140602092923.0
=006  m\\\\||\\d\|\\\\\\
=007  cr\|||||||||||
=008  140203s1858\\\\sp\a\\\\o\\\\\000\0\spa\d
=FMT  \\$a  BK
=040  \\$aUkCU$beng$cUkCU$dUk
=245  00$aNuevo ejemplar donde se declaran las desgracias acaecidas por los terremotos :$by la carta de Maria Santísima del Cármen para los pecadores.
=260  \\$aBilbao :$bImp. de M. Vita,$c1858.
=300  \\$a1 online resource
=336  \\$atext$2rdacontent
=337  \\$acomputer$2rdamedia
=338  \\$aonline resources$2rdacarrier
=500  \\$aText printed in two columns.
=500  \\$aIn verse.
=500  \\$aIllustration at head of title.
=500  \\$aCaption title.
=500  \\$aImprint from colophon.
=599  \\$aItem no. T48 in volume 11450.f.28.$5Uk
=533  \\$aElectronic Reproduction$bLondon$cBritish Library$d2012$nItem no. T48 in volume 11450.f.28.$5Uk
=650  \0$aReligious literature, Spanish.
=650  \0$aEarthquakes.
=650  \4$aLiteratura religiosa española.
=650  \4$aTerremotos.
=655  \7$aChapbooks$zSpain.$2rbgenr
=752  \\$aSpain$dBilbao.
=856  40$uhttp://cudl.lib.cam.ac.uk/view/PR-11450-F-00028-00048$yCambridge Digital Library
=859  \\$aXLD$bCambridge Digital Library
=CAT  \\$aWR14_159$b00$c20141016$lBLL01$h1656
=CAT  \\$aWR14_181$c20150323$lBLL01$h1403
=CAT  \\$aW1606-1753$c20171028$lBLL01$h1604
=SRC  \\$aBLWrongdoing
=LAS  \\$aW1606-1753$b00$c20171028$lBLL01$h1604

