=LDR  01859 am a2200445 a 4500
=001  016894772
=003  Uk
=005  20140602093205.0
=006  m\\\\||\\d\|\\\\\\
=007  cr\|||||||||||
=008  140203s1862\\\\po\a\\\\o\\\\\000\0\por\d
=FMT  \\$a  BK
=040  \\$aUkCU$beng$cUkCU$dUk
=100  1\$aGuimarens, Francisco Vaz de.
=245  10$aAuto da muito dolorosa paixaõ de nosso senhor Jesus Christo :$bconforme a escreverão os quatro evangelistas /$cobra feita peolo muito reverendo padre Francisco Vaz de Guimarens.
=260  \\$aLisboa :$bNa Typ. de Mathias José Marques da Silva, Rua do ouro, n.° 9 e 11...,$c1862.
=300  \\$a1 online resource
=336  \\$atext$2rdacontent
=337  \\$acomputer$2rdamedia
=338  \\$aonline resources$2rdacarrier
=500  \\$aText printed in two columns.
=500  \\$aIn verse.
=500  \\$aIllustration at head of title; additional illustrations throughout.
=500  \\$aCaption title.
=500  \\$a"Livros que se vendem na loja do livreiro e imprensa de Mathias José Marques da Silva, na Rua do ouro, n.° 9 e 11": p. [40].
=599  \\$aItem no. T50 in volume 11450.f.28.$5Uk
=533  \\$aElectronic Reproduction$bLondon$cBritish Library$d2012$nItem no. T50 in volume 11450.f.28.$5Uk
=600  00$aJesus Christ.
=650  \0$aChristian literature, Spanish.
=600  04$aJesucristo.
=650  \4$aLiteratura religiosa española.
=655  \7$aChapbooks$zSpain.$2rbgenr
=752  \\$aPortugal$dLisbon.
=856  40$uhttp://cudl.lib.cam.ac.uk/view/PR-11450-F-00028-00050$yCambridge Digital Library
=859  \\$aXLD$bCambridge Digital Library
=CAT  \\$aWR14_159$b00$c20141016$lBLL01$h1656
=CAT  \\$aWR14_181$c20150323$lBLL01$h1403
=CAT  \\$aW1606-1753$c20171028$lBLL01$h1604
=SRC  \\$aBLWrongdoing
=LAS  \\$aW1606-1753$b00$c20171028$lBLL01$h1604

