=LDR  01690 am a2200433 a 4500
=001  016894775
=003  Uk
=005  20140602094057.0
=006  m\\\\||\\d\|\\\\\\
=007  cr\|||||||||||
=008  140206q17241756sp\a\\\\o\\\\\000\0\spa\d
=FMT  \\$a  BK
=040  \\$aUkCU$beng$cUkCU$dUk
=100  1\$aOlmo Alfonso, Lucas del.
=245  03$aLa conversion de San Pablo :$bvaso de eleccion y firme columna de la Iglesia Catholica /$ccompuesto por Lucas del Olmo Alfonso.
=260  \\$aCon licencia en Sevilla :$bEn la imprenta de D. Diego Lopez de Haro, en calle Genova,$c[between 1724 and 1756?]
=300  \\$a1 online resource
=336  \\$atext$2rdacontent
=337  \\$acomputer$2rdamedia
=338  \\$aonline resources$2rdacarrier
=500  \\$aText printed in two columns.
=500  \\$aIn verse.
=500  \\$aIllustration at head of title.
=500  \\$aCaption title.
=500  \\$aImprint from colophon.
=599  \\$aItem no. T1 in volume 11450.h.6.$5Uk
=533  \\$aElectronic Reproduction$bLondon$cBritish Library$d2012$nItem no. T1 in volume 11450.h.6.$5Uk
=650  \0$aChristian literature, Spanish.
=650  \4$aLiteratura religiosa española.
=655  \7$aChapbooks$zSpain.$2rbgenr
=700  1\$aLópez de Haro, Diego,$dactive 1724-1756,$eprinter.$5Uk
=752  \\$aSpain$dSevilla.
=856  40$uhttp://cudl.lib.cam.ac.uk/view/PR-11450-H-00006-00001$yCambridge Digital Library
=859  \\$aXLD$bCambridge Digital Library
=CAT  \\$aWR14_159$b00$c20141016$lBLL01$h1656
=CAT  \\$aWR14_181$c20150323$lBLL01$h1403
=CAT  \\$aW1606-1753$c20171028$lBLL01$h1604
=SRC  \\$aBLWrongdoing
=LAS  \\$aW1606-1753$b00$c20171028$lBLL01$h1604

