=LDR  02041 am a2200469 a 4500
=001  016894776
=003  Uk
=005  20140602094023.0
=006  m\\\\||\\d\|\\\\\\
=007  cr\|||||||||||
=008  140206q17001850sp\a\\\\o\\\\\000\0\spa\d
=FMT  \\$a  BK
=040  \\$aUkCU$beng$cUkCU$dUk
=100  1\$aLucas, Alfonso de.
=245  10$aDevoto y contemplativo romance en que se descrive el juicio final y venida del Ante-Christo :$bprimera parte /$cescrito por Lucas del Olmo, natural de la ciudad de Xerèz de la Frontera.
=260  \\$a[S.l. :$bs.n.,$cbetween 1700 and 1850?]
=300  \\$a1 online resource
=336  \\$atext$2rdacontent
=337  \\$acomputer$2rdamedia
=338  \\$aonline resources$2rdacarrier
=500  \\$aText printed in two columns.
=500  \\$aIn verse.
=500  \\$aIllustration at head of title; second part with additional illustration at head of title.
=500  \\$aCaption title.
=500  \\$aIn two parts. Part two has title: "Segunda parte en que se describe el juicio y venida del Ante-Christo, escrito por dicho autor."
=599  \\$aItem no. T2 in volume 11450.h.6.$5Uk
=599  \\$aLibrary copy has part 2 bound before part 1.$5Uk
=533  \\$aElectronic Reproduction$bLondon$cBritish Library$d2012$nItem no. T2 in volume 11450.h.6.$nLibrary copy has part 2 bound before part 1.$5Uk
=650  \0$aChristian literature, Spanish.
=650  \0$aAntichrist.
=650  \4$aLiteratura religiosa española.
=650  \4$aAnticristo.
=655  \7$aChapbooks$zSpain.$2rbgenr
=662  \\$aSpain$dJerez de la Frontera$2lcsh-naf
=740  02$aSegunda parte en que se describe el juicio y venida del Ante-Christo.
=856  40$uhttp://cudl.lib.cam.ac.uk/view/PR-11450-H-00006-00002$yCambridge Digital Library
=859  \\$aXLD$bCambridge Digital Library
=CAT  \\$aWR14_159$b00$c20141016$lBLL01$h1656
=CAT  \\$aWR14_181$c20150323$lBLL01$h1403
=CAT  \\$aW1606-1753$c20171028$lBLL01$h1604
=SRC  \\$aBLWrongdoing
=LAS  \\$aW1606-1753$b00$c20171028$lBLL01$h1604

