=LDR  02015 am a2200469 a 4500
=001  016894777
=003  Uk
=005  20140602093605.0
=006  m\\\\||\\d\|\\\\\\
=007  cr\|||||||||||
=008  140206s1758\\\\sp\a\\\\o\\\\\000\0\spa\d
=FMT  \\$a  BK
=040  \\$aUkCU$beng$cUkCU$dUk
=245  00$aRomance nuevo en que se declara el exemplar castigo que Dios nuestro Señor ha executado con un cavallero logrero y avariento, el qual viviò cinquenta años en tan mal estado, sin confessar sus culpas, ni dar una limosna :$bpor cuya causa le embiò Dios un angel en trage de sacerdote, predicandole y anunciandole su muerte y por no averse querido enmendar se lo llevaron los demonios en cuerpo y alma : sucediò el dia 4 de marzo de este año 1757.
=260  \\$aCon licencia en Valencia :$bEn la imprenta de Agustin Laborda,$cAño 1758.
=300  \\$a1 online resource
=336  \\$atext$2rdacontent
=337  \\$acomputer$2rdamedia
=338  \\$aonline resources$2rdacarrier
=500  \\$aText printed in two columns.
=500  \\$aIn verse.
=500  \\$aThree separate illustrations at head of title.
=500  \\$aCaption title.
=500  \\$aImprint from colophon.
=599  \\$aItem no. T3 in volume 11450.h.6.$5Uk
=533  \\$aElectronic Reproduction$bLondon$cBritish Library$d2012$nItem no. T3 in volume 11450.h.6.$5Uk
=650  \0$aJudgment of God.
=650  \0$aChristianity and justice.
=650  \0$aConduct of life.
=650  \4$aConducta de vida.
=650  \4$aAngeles.
=650  \4$aDemonio.
=653  \0$aJusticia divina.
=655  \7$aChapbooks$zSpain.$2rbgenr
=752  \\$aSpain$dValencia.
=856  40$uhttp://cudl.lib.cam.ac.uk/view/PR-11450-H-00006-00003$yCambridge Digital Library
=859  \\$aXLD$bCambridge Digital Library
=CAT  \\$aWR14_159$b00$c20141016$lBLL01$h1656
=CAT  \\$aWR14_181$c20150323$lBLL01$h1403
=CAT  \\$aW1606-1753$c20171028$lBLL01$h1604
=SRC  \\$aBLWrongdoing
=LAS  \\$aW1606-1753$b00$c20171028$lBLL01$h1604

