=LDR  02817 am a2200481 a 4500
=001  016894778
=003  Uk
=005  20140602093656.0
=006  m\\\\||\\d\|\\\\\\
=007  cr\|||||||||||
=008  140206s1759\\\\sp\a\\\\o\\\\\000\0\spa\d
=FMT  \\$a  BK
=040  \\$aUkCU$beng$cUkCU$dUk
=100  10$aGarcia, Josepha Maria,$d1673-1743.
=245  10$aRelacion nueva de la admirable vida del preexcelso padre San Agustin, pozo de sabidurìa, flor de grandes ingenios, maestro de la theologia, ornamento de las escuelas, columna de la Iglesia, martillo de los hereges, alegria de los cielos, terror del infierno y protector de los christianos :$bprimera parte /$ccompuesta por Joseph Garcia.
=260  \\$aCon licencia en Madrid :$bEn la imprenta de Francisco Xavier Garcia, se hallarà en la Lonja de papel mas abaxo de San Martin,$caño 1759.
=300  \\$a1 online resource
=336  \\$atext$2rdacontent
=337  \\$acomputer$2rdamedia
=338  \\$aonline resources$2rdacarrier
=500  \\$aText printed in two columns.
=500  \\$aIn verse.
=500  \\$aIllustration incorporated within title; second part with additional illustration incorporated within title.
=500  \\$aCaption title.
=500  \\$aImprint from colophon.
=500  \\$aIn two parts. Part two has title: "Nueva relacion de la exemplar vida y virtudes del aguila de la Iglesia San Agustin, à quien los santos dàn gloriosos titulos è ilustres epitetos, San Severo Sulpicio 'Oh, abeja de Dios artificiosa, que fabricas los panales de la divina dulzura!' San Próspero 'Lumbre y ornamento de los sacerdotes' Hilario, obispo de Arlès, 'Excelentissimo Doctor, siempre meditando en Dios' Remigio Antesiodorente 'Que assi como el sol en la claridad aventaja à los demàs planetas, assi S. Agustin excede à los demàs doctores' : segunda parte, compuesta por Joseph Garcia."
=599  \\$aItem no. T4 in volume 11450.h.6.$5Uk
=533  \\$aElectronic Reproduction$bLondon$cBritish Library$d2012$nItem no. T4 in volume 11450.h.6.$5Uk
=600  00$aAgustín,$cSaint, Bishop of Hippo.
=650  \0$aChristian literature, Spanish.
=650  \4$aLiteratura religiosa española.
=653  \1$aSan Agustín de Hipona.
=655  \7$aChapbooks$zSpain.$2rbgenr
=740  02$aNueva relacion de la exemplar vida y virtudes del aguila de la Iglesia San Agustin.
=752  \\$aSpain$dMadrid.
=856  40$uhttp://cudl.lib.cam.ac.uk/view/PR-11450-H-00006-00004$yCambridge Digital Library
=859  \\$aXLD$bCambridge Digital Library
=CAT  \\$aWR14_159$b00$c20141016$lBLL01$h1656
=CAT  \\$aBATCH-UPD$b00$c20141016$lBLL01$h1715
=CAT  \\$aWR14_181$c20150323$lBLL01$h1403
=CAT  \\$aW1606-1753$c20171028$lBLL01$h1604
=SRC  \\$aBLWrongdoing
=LAS  \\$aW1606-1753$b00$c20171028$lBLL01$h1604

