=LDR  01507 am a2200421 a 4500
=001  016894781
=003  Uk
=005  20140602093955.0
=006  m\\\\||\\d\|\\\\\\
=007  cr\|||||||||||
=008  140206q18301840sp\a\\\\o\\\\\000\0\cat\d
=FMT  \\$a  BK
=040  \\$aUkCU$beng$cUkCU$dUk
=245  00$aEntremes del Marqués Cuinát.
=246  30$aDel Marqués Cuinát
=260  \\$aSe vén en Barcelona :$bEn la llibreria de Pere Maimó, carrer dels Mercaders, aprop del cantó de la Boria,$c[between 1830 and 1840]
=300  \\$a1 online resource
=336  \\$atext$2rdacontent
=337  \\$acomputer$2rdamedia
=338  \\$aonline resources$2rdacarrier
=500  \\$aText printed in two columns.
=500  \\$aIn verse.
=500  \\$aIllustration at head of title.
=500  \\$aCaption title.
=500  \\$aImprint from colophon.
=599  \\$aItem no. T9 in volume 11450.h.6.$5Uk
=533  \\$aElectronic Reproduction$bLondon$cBritish Library$d2012$nItem no. T9 in volume 11450.h.6.$5Uk
=650  \0$aEntremés.
=650  \4$aEntremés.
=655  \7$aChapbooks$zSpain.$2rbgenr
=752  \\$aSpain$dBarcelona.
=856  40$uhttp://cudl.lib.cam.ac.uk/view/PR-11450-H-00006-00009$yCambridge Digital Library
=859  \\$aXLD$bCambridge Digital Library
=CAT  \\$aWR14_159$b00$c20141016$lBLL01$h1656
=CAT  \\$aWR14_181$c20150323$lBLL01$h1403
=CAT  \\$aW1606-1753$c20171028$lBLL01$h1604
=SRC  \\$aBLWrongdoing
=LAS  \\$aW1606-1753$b00$c20171028$lBLL01$h1604

