=LDR  02036 am a2200433 a 4500
=001  016894782
=003  Uk
=005  20140602093911.0
=006  m\\\\||\\d\|\\\\\\
=007  cr\|||||||||||
=008  140206q17991850sp\a\\\\o\\\\\000\0\spa\d
=FMT  \\$a  BK
=040  \\$aUkCU$beng$cUkCU$dUk
=100  1\$aDelos, Bernardo.
=245  13$aPrimera parte de el contador espiritual :$ben que se contiene un nuevo y curioso romance, declarando por los numeros de quenta lo que debe contemplar para no errar la quenta que cada uno hemos de dàr de nuestra vida en el tribunal de Dios /$ccompuesto por Bernardo Delos.
=246  30$aDe el contador espiritual
=260  \\$a[S.l. :$bs.n.,$cbetween 1799 and 1850?]
=300  \\$a1 online resource
=336  \\$atext$2rdacontent
=337  \\$acomputer$2rdamedia
=338  \\$aonline resources$2rdacarrier
=500  \\$aText printed in two columns.
=500  \\$aIn verse.
=500  \\$aIllustration at head of title; second part with additional illustration at head of title.
=500  \\$aCaption title.
=500  \\$aIn two parts. Part two has title: "Segunda parte de el contador espiritual en que se contiene un nuevo y curioso romance declarando del modo que se ha de sumar la quenta para no llevarla errada al Tribunal de Dios, compuesto por Bernardo Delos."
=599  \\$aItem no. T10 in volume 11450.h.6.$5Uk
=533  \\$aElectronic Reproduction$bLondon$cBritish Library$d2012$nItem no. T10 in volume 11450.h.6.$5Uk
=650  \0$aDevotional literature, Spanish.
=650  \4$aLiteratura española devocional.
=655  \7$aChapbooks$zSpain.$2rbgenr
=740  02$aSegunda parte de el contador espiritual.
=856  40$uhttp://cudl.lib.cam.ac.uk/view/PR-11450-H-00006-00010$yCambridge Digital Library
=859  \\$aXLD$bCambridge Digital Library
=CAT  \\$aWR14_159$b00$c20141016$lBLL01$h1656
=CAT  \\$aWR14_181$c20150323$lBLL01$h1403
=CAT  \\$aW1606-1753$c20171028$lBLL01$h1604
=SRC  \\$aBLWrongdoing
=LAS  \\$aW1606-1753$b00$c20171028$lBLL01$h1604

