=LDR  02358 am a2200529 a 4500
=001  016894783
=003  Uk
=005  20140602093812.0
=006  m\\\\||\\d\|\\\\\\
=007  cr\|||||||||||
=008  140206q17811793sp\a\\\\o\\\\\000\0\spa\d
=FMT  \\$a  BK
=040  \\$aUkCU$beng$cUkCU$dUk
=245  00$aPrimera parte en que se declaran los varios sucesos de Don Jayme de Aragon, siendo el mas notable el de la calavera y otros :$bcon lo demas que verá el curioso lector.
=260  \\$aSe hallará en Málaga :$bEn la imprenta y libreria de D. Felix de Casas y Martinez,$c[between 1781 and 1793?]
=300  \\$a1 online resource
=336  \\$atext$2rdacontent
=337  \\$acomputer$2rdamedia
=338  \\$aonline resources$2rdacarrier
=500  \\$aText printed in two columns.
=500  \\$aIn verse.
=500  \\$aIllustration at head of title; second and third parts with one additional illustration each at head of title.
=500  \\$aCaption title.
=500  \\$aImprint from colophon.
=500  \\$a"(4.)"--Part 1; "(26)"--Part 3.
=500  \\$aIn three parts. Part two has title: "Segunda parte de los romances de Don Jayme de Aragon y la calavera." Part three has title "Tercera parte de los romances de D. Jayme de Aragon y la calavera."
=599  \\$aItem no. T11 in volume 11450.h.6.$5Uk
=533  \\$aElectronic Reproduction$bLondon$cBritish Library$d2012$nItem no. T11 in volume 11450.h.6.$5Uk
=650  \4$aJayme de Aragon (Fictitious character)
=650  \0$aWomen$xCrimes against.
=650  \4$aMujeres$xDelitos contra las.
=650  \4$aConventos.
=653  \0$aCalavera.
=653  \1$aJayme de Aragon (Personaje ficticio)
=655  \7$aChapbooks$zSpain.$2rbgenr
=662  \\$aSpain$dToledo$2lcsh-naf
=662  \\$aCanary Islands$2lcsh-naf
=740  02$aSegunda parte de los romances de Don Jayme de Aragon y la calavera.
=740  02$aTercera parte de los romances de D. Jayme de Aragon y la calavera.
=752  \\$aSpain$dMálaga.
=856  40$uhttp://cudl.lib.cam.ac.uk/view/PR-11450-H-00006-00011$yCambridge Digital Library
=859  \\$aXLD$bCambridge Digital Library
=CAT  \\$aWR14_159$b00$c20141016$lBLL01$h1656
=CAT  \\$aWR14_181$c20150323$lBLL01$h1403
=CAT  \\$aW1606-1753$c20171028$lBLL01$h1604
=SRC  \\$aBLWrongdoing
=LAS  \\$aW1606-1753$b00$c20171028$lBLL01$h1604

