=LDR  01926 am a2200481 a 4500
=001  016894784
=003  Uk
=005  20140602094014.0
=006  m\\\\||\\d\|\\\\\\
=007  cr\|||||||||||
=008  140206q18011850sp\a\\\\o\\\\\000\0\spa\d
=FMT  \\$a  BK
=040  \\$aUkCU$beng$cUkCU$dUk
=245  00$aDon Diego de Peñalosa y Doña Maria Leonarda :$bromance de los amorosos sucesos de estos dos finos amantes : primera parte.
=260  \\$aCon licencia en Córdoba:$bEn la imprenta de Don Rafael Garcia Rodriguez, calle de la Libreria,$c[between 1801 and 1850?]
=300  \\$a1 online resource
=336  \\$atext$2rdacontent
=337  \\$acomputer$2rdamedia
=338  \\$aonline resources$2rdacarrier
=500  \\$aText printed in two columns.
=500  \\$aIn verse.
=500  \\$aTwo separate illustrations at head of title; second part with additional illustration at head of title..
=500  \\$aCaption title.
=500  \\$aImprint from colophon.
=500  \\$a"Núm. 83."
=500  \\$aIn two parts.
=599  \\$aItem no. T12 in volume 11450.h.6.$5Uk
=533  \\$aElectronic Reproduction$bLondon$cBritish Library$d2012$nItem no. T12 in volume 11450.h.6.$5Uk
=650  \0$aArranged marriage.
=650  \4$aDiego de Peñalosa (Fictitious character)
=650  \4$aMaría Leonarda (Fictitious character)
=650  \4$aMatrimonio arreglado.
=653  \1$aDiego de Peñalosa (Personaje ficticio)
=653  \1$aMaría Leonarda (Personaje ficticio)
=655  \7$aChapbooks$zSpain.$2rbgenr
=752  \\$aSpain$dCórdoba.
=856  40$uhttp://cudl.lib.cam.ac.uk/view/PR-11450-H-00006-00012$yCambridge Digital Library
=859  \\$aXLD$bCambridge Digital Library
=CAT  \\$aWR14_159$b00$c20141016$lBLL01$h1656
=CAT  \\$aWR14_181$c20150323$lBLL01$h1403
=CAT  \\$aW1606-1753$c20171028$lBLL01$h1604
=SRC  \\$aBLWrongdoing
=LAS  \\$aW1606-1753$b00$c20171028$lBLL01$h1604

