=LDR  02134 am a2200505 a 4500
=001  016894787
=003  Uk
=005  20140602093529.0
=006  m\\\\||\\d\|\\\\\\
=007  cr\|||||||||||
=008  140207q18441874sp\a\\\\o\\\\\000\0\spa\\
=FMT  \\$a  BK
=040  \\$aUkCU$beng$cUkCU$dUk
=100  1\$aLópez, Antonio.
=245  10$aTrobos y coplas nuevas :$bprimera parte /$ccompuestas por Ignacio Lopez, especificando los afectos de las mugeres.
=260  \\$aCórdoba :$bImprenta de Don Rafael Garcia Rodriguez, calle de la Librería,$c[between 1844 and 1874]
=300  \\$a1 online resource
=336  \\$atext$2rdacontent
=337  \\$acomputer$2rdamedia
=338  \\$aonline resources$2rdacarrier
=500  \\$aText printed in two columns.
=500  \\$aIn verse.
=500  \\$aIllustration at head of title; second part with additional illustration at head of title.
=500  \\$aCaption title.
=500  \\$aImprint from colophon.
=500  \\$a"Núm. 180."
=500  \\$aIn two parts. Part two has title: "Trobos y coplas nuevas compuestas por una dama advirtiendo á todo viviente los desengaños del mundo: segunda parte."
=599  \\$aItem no. T19 in volume 11450.h.6.$5Uk
=533  \\$aElectronic Reproduction$bLondon$cBritish Library$d2012$nItem no. T19 in volume 11450.h.6.$5Uk
=650  \0$aSongs, Spanish$vTexts.
=650  \0$aWomen.
=650  \4$aMujeres.
=653  \0$aCanciones españolas--Textos.
=655  \7$aChapbooks$zSpain.$2rbgenr
=700  1\$aGarcía Tena, Fausto,$dfl. 1844-1874,$eprinter.$5Uk
=740  02$aTrobos y coplas nuevas compuestas por una dama advirtiendo á todo viviente los desengaños del mundo.
=752  \\$aSpain$dCórdoba.
=856  40$uhttp://cudl.lib.cam.ac.uk/view/PR-11450-H-00006-00019$yCambridge Digital Library
=859  \\$aXLD$bCambridge Digital Library
=CAT  \\$aWR14_159$b00$c20141016$lBLL01$h1656
=CAT  \\$aBATCH-UPD$b00$c20141016$lBLL01$h1712
=CAT  \\$aWR14_181$c20150323$lBLL01$h1403
=CAT  \\$aW1606-1753$c20171028$lBLL01$h1604
=SRC  \\$aBLWrongdoing
=LAS  \\$aW1606-1753$b00$c20171028$lBLL01$h1604

