=LDR  02063 am a2200481 a 4500
=001  016894788
=003  Uk
=005  20140602094121.0
=006  m\\\\||\\d\|\\\\\\
=007  cr\|||||||||||
=008  140207q17991850sp\a\\\\o\\\\\000\0\spa\\
=FMT  \\$a  BK
=040  \\$aUkCU$beng$cUkCU$dUk
=245  00$aCasamiento entre dos damas :$bPrimera parte en que se refieren los raros sucesos de una señora natural de la corte de Viena, y la varia fortuna que tuvo, habiéndose salido de su patria disfrazada en busca de un amante suyo.
=246  3\$aPrimera parte en que se refieren los raros sucesos de una señora natural de la corte de Viena
=260  \\$a[S.l. :$bs.n.,$cbetween 1799 and 1850?]
=300  \\$a1 online resource
=336  \\$atext$2rdacontent
=337  \\$acomputer$2rdamedia
=338  \\$aonline resources$2rdacarrier
=500  \\$aText printed in two columns.
=500  \\$aIn verse.
=500  \\$aIllustration at head of title.
=500  \\$aCaption title.
=500  \\$a"C. Núm. 30."
=500  \\$aIn two parts. Part two has title: "Segunda parte en que se finalizan los varios sucesos de Doña Gertrudis, con el mas raro caso pue [sic] han visto los nacidos."
=599  \\$aItem no. T21 in volume 11450.h.6.$5Uk
=533  \\$aElectronic Reproduction$bLondon$cBritish Library$d2012$nItem no. T21 in volume 11450.h.6.$5Uk
=650  \0$aSex role.
=650  \0$aMistaken identity.
=650  \4$aRol sexual.
=653  \0$aFalsificación de identidad.
=655  \7$aChapbooks$zSpain.$2rbgenr
=662  \\$aAustria$dVienna$2lcsh-naf
=662  \\$aGreece$2lcsh-naf
=740  02$aSegunda parte en que se finalizan los varios sucesos de Doña Gertrudis.
=856  40$uhttp://cudl.lib.cam.ac.uk/view/PR-11450-H-00006-00021$yCambridge Digital Library
=859  \\$aXLD$bCambridge Digital Library
=CAT  \\$aWR14_159$b00$c20141016$lBLL01$h1656
=CAT  \\$aWR14_181$c20150323$lBLL01$h1403
=CAT  \\$aW1606-1753$c20171028$lBLL01$h1604
=SRC  \\$aBLWrongdoing
=LAS  \\$aW1606-1753$b00$c20171028$lBLL01$h1604

