=LDR  03045 am a2200481 a 4500
=001  016894792
=003  Uk
=005  20140602093619.0
=006  m\\\\||\\d\|\\\\\\
=007  cr\|||||||||||
=008  140207q17991850sp\a\\\\o\\\\\000\0\spa\d
=FMT  \\$a  BK
=040  \\$aUkCU$beng$cUkCU$dUk
=100  1\$aOlmo Alfonso, Lucas del.
=245  10$aRomance nuevo de esta historia divina :$ben que se declara el mysterio de la Santissima Trinidad y otros articulos y mysterios de nuestra santa fè catholica, y en especial el de la encarnacion y nacimiento de nuestro redemptor Jesu-Christo : primera parte /$ccompuesto por Lucas del Olmo Alphonso, natural de Xerèz de la Frontera.
=260  \\$a[S.l. :$bs.n.,$cbetween 1799 and 1850?]
=300  \\$a1 online resource
=336  \\$atext$2rdacontent
=337  \\$acomputer$2rdamedia
=338  \\$aonline resources$2rdacarrier
=500  \\$aText printed in two columns.
=500  \\$aIn verse.
=500  \\$aIllustration below title; parts two, three and four with one additional illustration each below title.
=500  \\$aCaption title.
=500  \\$aIn four parts. Part two has title: "Nuevo romance en que se prosigue la sagrada historia declarando el bautismo de nuestro redemptor Jesu-Christo, su ayuno y vocacion de los apostoles, su predicacion y milagros, entrada en Jerusalèn, con otros mysterios y la institucion del Santissimo Sacramento." Part three has title: "Romance nuevo de esta sagrada historia en que se declara la oracion del huerto, la prision del Señor, y lo que padeciò en Casa de Anàs, Cayfàs, Herodes y Pilatos." Part four has title: "Romance nuevo y sagrada historia en que se declaran las estaciones de la Via-Sacra y el Ecce-Homo, y sentencia que diò Pilatos contra nuestro salvador, y mysterios de la resurreccion, ascension y venida del Espiritusanto."
=599  \\$aItem no. T25 in volume 11450.h.6.$5Uk
=599  \\$aLibrary copy has part 3 bound before part 4.$5Uk
=533  \\$aElectronic Reproduction$bLondon$cBritish Library$d2012$nItem no. T25 in volume 11450.h.6.$nLibrary copy has part 3 bound before part 4.$5Uk
=650  \0$aJesus Christ.
=600  14$aJesucristo.
=650  \0$aChristian literature, Spanish.
=650  \4$aLiteratura religiosa española.
=655  \7$aChapbooks$zSpain.$2rbgenr
=740  02$aNuevo romance en que se prosigue la sagrada historia declarando el bautismo de nuestro redemptor Jesu-Christo.
=740  02$aRomance nuevo de esta sagrada historia en que se declara la oracion del huerto, la prision del Señor.
=740  02$aRomance nuevo y sagrada historia en que se declaran las estaciones de la Via-Sacra y el Ecce-Homo.
=856  40$uhttp://cudl.lib.cam.ac.uk/view/PR-11450-H-00006-00025$yCambridge Digital Library
=859  \\$aXLD$bCambridge Digital Library
=CAT  \\$aWR14_159$b00$c20141016$lBLL01$h1656
=CAT  \\$aWR14_181$c20150323$lBLL01$h1403
=CAT  \\$aW1606-1753$c20171028$lBLL01$h1604
=SRC  \\$aBLWrongdoing
=LAS  \\$aW1606-1753$b00$c20171028$lBLL01$h1604

