=LDR  02071 am a2200433 a 4500
=001  016894794
=003  Uk
=005  20140602093806.0
=006  m\\\\||\\d\|\\\\\\
=007  cr\|||||||||||
=008  140207q18201827sp\a\\\\o\\\\\000\0\cat\d
=FMT  \\$a  BK
=040  \\$aUkCU$beng$cUkCU$dUk
=245  00$aRahonament y coloqui nou, en lo qual un llaurador li declara son amor à una dama chispera, requebrantla per mols camins, per veure si pot llograrla per muller, y al mateix temps li proposa son saber, maña, y habilitat /$ccompost per un Poticari de manegueta, barber de barbes y Dotor de secá, gran chugador de esgrima, taba, morra y rantoy, la millor mà pera posar lloques, curar trencades, empeltar abres, gran tocador de manacort y espineta, gran collidor de camarroches, esparecs y caragols, el mes llaucher pera fer el bou empiulat en les festes dels carrers de Valencia : de Pep de Quelo.
=246  30$aDe Pep de Quelo
=260  \\$aEn Valencia :$bPer la filla de Agustí Laborda, viu en la Bolseria,$c[between 1820 and 1827?]
=300  \\$a1 online resource
=336  \\$atext$2rdacontent
=337  \\$acomputer$2rdamedia
=338  \\$aonline resources$2rdacarrier
=500  \\$aText printed in two columns.
=500  \\$aIn verse.
=500  \\$aTwo separate illustrations at head of title.
=500  \\$aCaption title.
=500  \\$aImprint from colophon.
=599  \\$aItem no. T27 in volume 11450.h.6.$5Uk
=533  \\$aElectronic Reproduction$bLondon$cBritish Library$d2012$nItem no. T27 in volume 11450.h.6.$5Uk
=650  \0$aCourtship.
=650  \4$aCortejo amoroso.
=655  \7$aChapbooks$zSpain.$2rbgenr
=662  \\$2lcsh-naf
=752  \\$aSpain$dValencia.
=856  40$uhttp://cudl.lib.cam.ac.uk/view/PR-11450-H-00006-00027$yCambridge Digital Library
=859  \\$aXLD$bCambridge Digital Library
=CAT  \\$aWR14_159$b00$c20141016$lBLL01$h1656
=CAT  \\$aWR14_181$c20150323$lBLL01$h1403
=CAT  \\$aW1606-1753$c20171028$lBLL01$h1604
=SRC  \\$aBLWrongdoing
=LAS  \\$aW1606-1753$b00$c20171028$lBLL01$h1604

