=LDR  01523 am a2200433 a 4500
=001  016894796
=003  Uk
=005  20140602093649.0
=006  m\\\\||\\d\|\\\\\\
=007  cr\|||||||||||
=008  140207q17991850sp\a\\\\o\\\\\000\0\spa\d
=FMT  \\$a  BK
=040  \\$aUkCU$beng$cUkCU$dUk
=100  1\$aLobo, Eugenio Gerardo,$d1679-1750.
=245  10$aRelacion nueva Quexas de amor y silencio /$cde Don Eugenio Gerardo Lobo.
=246  30$aQuexas de amor y silencio.
=260  \\$a[S.l. :$bs.n,$cbetween 1799 and 1850?]
=300  \\$a1 online resource
=336  \\$atext$2rdacontent
=337  \\$acomputer$2rdamedia
=338  \\$aonline resources$2rdacarrier
=500  \\$aText printed in two columns.
=500  \\$aIn verse.
=500  \\$aIllustration at head of title.
=500  \\$aCaption title.
=599  \\$aItem no. T29 in volume 11450.h.6.$5Uk
=533  \\$aElectronic Reproduction$bLondon$cBritish Library$d2012$nItem no. T29 in volume 11450.h.6.$5Uk
=650  \0$aSongs, Spanish$vTexts.
=650  \0$aCourtship.
=650  \4$aCortejo amoroso.
=653  \0$aCanciones españolas--Textos.
=655  \7$aChapbooks$zSpain.$2rbgenr
=856  40$uhttp://cudl.lib.cam.ac.uk/view/PR-11450-H-00006-00029$yCambridge Digital Library
=859  \\$aXLD$bCambridge Digital Library
=CAT  \\$aWR14_159$b00$c20141016$lBLL01$h1656
=CAT  \\$aWR14_181$c20150323$lBLL01$h1403
=CAT  \\$aW1606-1753$c20171028$lBLL01$h1604
=SRC  \\$aBLWrongdoing
=LAS  \\$aW1606-1753$b00$c20171028$lBLL01$h1604

