=LDR  01594 am a2200433 a 4500
=001  016894797
=003  Uk
=005  20140602094002.0
=006  m\\\\||\\d\|\\\\\\
=007  cr\|||||||||||
=008  140207q17761868sp\a\\\\o\\\\\000\0\spa\d
=FMT  \\$a  BK
=040  \\$aUkCU$beng$cUkCU$dUk
=100  1\$aTorres Villarroel, Diego de,$d1693?-1770.
=245  10$aEnigmas que compuso el doctor Don Diego de Torres de Villarroel para diversion de los curiosos.
=260  \\$aSe hallará en Málaga :$bEn la imprenta y libreria de Don Luis de Carreras,$c[between 1776 and 1868?]
=300  \\$a1 online resource
=336  \\$atext$2rdacontent
=337  \\$acomputer$2rdamedia
=338  \\$aonline resources$2rdacarrier
=500  \\$aText printed in two columns.
=500  \\$aIn verse.
=500  \\$aTwo separate illustrations at head of title.
=500  \\$aCaption title.
=500  \\$aImprint from colophon.
=500  \\$a"(22)."
=599  \\$aItem no. T30 in volume 11450.h.6.$5Uk
=533  \\$aElectronic Reproduction$bLondon$cBritish Library$d2012$nItem no. T30 in volume 11450.h.6.$5Uk
=650  \0$aRiddles.
=650  \4$aAdivinanzas.
=655  \7$aChapbooks$zSpain.$2rbgenr
=752  \\$aSpain$dMálaga.
=856  40$uhttp://cudl.lib.cam.ac.uk/view/PR-11450-H-00006-00030$yCambridge Digital Library
=859  \\$aXLD$bCambridge Digital Library
=CAT  \\$aWR14_159$b00$c20141016$lBLL01$h1656
=CAT  \\$aWR14_181$c20150323$lBLL01$h1403
=CAT  \\$aW1606-1753$c20171028$lBLL01$h1604
=SRC  \\$aBLWrongdoing
=LAS  \\$aW1606-1753$b00$c20171028$lBLL01$h1604

