=LDR  02739 am a2200517 a 4500
=001  016894798
=003  Uk
=005  20140602093720.0
=006  m\\\\||\\d\|\\\\\\
=007  cr\|||||||||||
=008  140207q17991850sp\a\\\\o\\\\\000\0\spa\d
=FMT  \\$a  BK
=040  \\$aUkCU$beng$cUkCU$dUk
=100  1\$aBrizuela, Marcos.
=245  10$aRelacion curiosa de un dulce tratado de como una muger natural de Valladolid, siendo cautiva, negò la ley de Dios nuestro Señor y casò con un rico moro :$by como cautivaron à un clerigo hermano suyo, el qual sirviò à su hermana tres años de esclavo sin que se conociessen : y como Dios fue servido que al cabo de ellos se conocieran por ciertas preguntas que le hizo la renegada : primera parte.
=260  \\$a[S.l. :$bs.n,$cbetween 1799 and 1850?]
=300  \\$a1 online resource
=336  \\$atext$2rdacontent
=337  \\$acomputer$2rdamedia
=338  \\$aonline resources$2rdacarrier
=500  \\$aText printed in two columns.
=500  \\$aIn verse.
=500  \\$aIllustration below title; second part with additional illustration below title.
=500  \\$aCaption title.
=500  \\$aIn two parts. Part two has title: "Segunda parte de la vida y penitencia que en el monte arsiano, junto à Roma, hizo una muger natural de Valladolid, la qual havia sido renegada en Argèl y como convirtiò à dos hijos suyos sin conocer los hijos à la madre, y su buen fin, compuesta por Marcos Brizuela, natural de la villa de Dueñas.
=599  \\$aItem no. T31 in volume 11450.h.6.$5Uk
=599  \\$aLibrary copy has p. [15-16] bound before p. [11-14].$5Uk
=533  \\$aElectronic Reproduction$bLondon$cBritish Library$d2012$nItem no. T31 in volume 11450.h.6.$nLibrary copy has p. [15-16] bound before p. [11-14].$5Uk
=650  \0$aChristianity and other religions$xIslam.
=650  \0$aIslam$xRelations$xChristianity.
=650  \0$aRepentance$xChristianity.
=650  \4$aCristianismo y otras religiones$xIslamismo.
=650  \4$aIslamismo$xRelaciones$xCristianismo.
=650  \4$aArrepentimiento$xCristianismo.
=650  \4$aEsclavos.
=655  \7$aChapbooks$zSpain.$2rbgenr
=662  \\$aSpain$dValladolid$2lcsh-naf
=662  \\$aItaly$dRome$2lcsh-naf
=740  02$aSegunda parte de la vida y penitencia que en el monte arsiano, junto à Roma, hizo una muger natural de Valladolid.
=856  40$uhttp://cudl.lib.cam.ac.uk/view/PR-11450-H-00006-00031$yCambridge Digital Library
=859  \\$aXLD$bCambridge Digital Library
=CAT  \\$aWR14_159$b00$c20141016$lBLL01$h1656
=CAT  \\$aWR14_181$c20150323$lBLL01$h1403
=CAT  \\$aW1606-1753$c20171028$lBLL01$h1604
=SRC  \\$aBLWrongdoing
=LAS  \\$aW1606-1753$b00$c20171028$lBLL01$h1604

