=LDR  02233 am a2200433 a 4500
=001  016894800
=003  Uk
=005  20140602093920.0
=006  m\\\\||\\d\|\\\\\\
=007  cr\|||||||||||
=008  140207q17461774sp\a\\\\o\\\\\000\0\spa\d
=FMT  \\$a  BK
=040  \\$aUkCU$beng$cUkCU$dUk
=245  00$aHistorial curioso romance verdadero en que se refiere la maravillosa vida, heroicas virtudes, felicissima muerte y portentosos milagros del gloriosissimo labrador S. Isidro, patron de la coronada villa de Madrid :$by de la bienaventurada sierva del Señor, Santa Maria de la Cabeza, su dignissima esposa : primera parte.
=260  \\$aSe hallarà en Valencia :$bEn la imprenta de Agustin Laborda, vive en la Bolseria ...,$c[between 1746 and 1774]
=300  \\$a1 online resource
=336  \\$atext$2rdacontent
=337  \\$acomputer$2rdamedia
=338  \\$aonline resources$2rdacarrier
=500  \\$aText printed in two columns.
=500  \\$aIn verse.
=500  \\$aIllustration below title; second part with additional illustration below title.
=500  \\$aCaption title.
=500  \\$aImprint from colophon.
=500  \\$aIn two parts. Part two has title: "Segunda parte del historial verdadero romance en que se continùa la vida, virtudes y milagros de los dos amabilissimos y bienaventurados esposos San Isidro Labrador y Santa Maria de la Cabeza."
=599  \\$aItem no. T33 in volume 11450.h.6.$5Uk
=533  \\$aElectronic Reproduction$bLondon$cBritish Library$d2012$nItem no. T33 in volume 11450.h.6.$5Uk
=650  \0$aChristian literature, Spanish.
=650  \4$aLiteratura religiosa española
=655  \7$aChapbooks$zSpain.$2rbgenr
=740  02$aSegunda parte del historial verdadero romance en que se continùa la vida, virtudes y milagros de los dos amabilissimos y bienaventurados esposos.
=752  \\$aSpain$dValencia.
=856  40$uhttp://cudl.lib.cam.ac.uk/view/PR-11450-H-00006-00033$yCambridge Digital Library
=859  \\$aXLD$bCambridge Digital Library
=CAT  \\$aWR14_159$b00$c20141016$lBLL01$h1656
=CAT  \\$aWR14_181$c20150323$lBLL01$h1403
=CAT  \\$aW1606-1753$c20171028$lBLL01$h1604
=SRC  \\$aBLWrongdoing
=LAS  \\$aW1606-1753$b00$c20171028$lBLL01$h1604

