=LDR  02178 am a2200421 a 4500
=001  016894803
=003  Uk
=005  20140602094147.0
=006  m\\\\||\\d\|\\\\\\
=007  cr\|||||||||||
=008  140213q17991850sp\\\\\\o\\\\\000\0\spa\d
=FMT  \\$a  BK
=040  \\$aUkCU$beng$cUkCU$dUk
=043  \\$ae-sp---
=245  00$aAleluyas chistosas, siguidillas alegres, en quienes se pintan todos los lances, excesos, desordenes y travesuras que suceden en esta coronada villa de Madrid en los tres dias de la Pasqua de Resureccion, en las mañanitas de abril y mayo :$bes à saber el regocijo de los cavalleritos usias, porque yà vino el tiempo de darse un verde, el alborozo de las madamitas de ciento en boca : la victoria de los pasteleros y demàs dependientes de la carne y la alegria universal de los oficiales, mancebos y aprendices porque yà diò la vela la ultima boqueada : tambien se manifiestan los combites, meriendas, bayles y entremeses que se executan el el dicho tiempo, con otras muchas cosas que verà por esta relacion el que tuviere ojos en la cara y quartos en la bolsa.
=260  \\$aCon licencia en Madrid :$b[s.n. ,$cbetween 1799 and 1850?]
=300  \\$a1 online resource
=336  \\$atext$2rdacontent
=337  \\$acomputer$2rdamedia
=338  \\$aonline resources$2rdacarrier
=500  \\$aText printed in two columns.
=500  \\$aIn verse.
=500  \\$aCaption title.
=500  \\$aImprint from colophon.
=599  \\$aItem no. T36 in volume 11450.h.6.$5Uk
=533  \\$aElectronic Reproduction$bLondon$cBritish Library$d2012$nItem no. T36 in volume 11450.h.6.$5Uk
=650  \0$aEaster$zSpain$zMadrid.
=650  \4$aSemana Santa$zEspaña$zMadrid.
=655  \7$aChapbooks$zSpain.$2rbgenr
=662  \\$aSpain$dMadrid$2lcsh-naf
=752  \\$aSpain$dMadrid.
=856  40$uhttp://cudl.lib.cam.ac.uk/view/PR-11450-H-00006-00036$yCambridge Digital Library
=859  \\$aXLD$bCambridge Digital Library
=CAT  \\$aWR14_159$b00$c20141016$lBLL01$h1656
=CAT  \\$aWR14_181$c20150323$lBLL01$h1403
=CAT  \\$aW1606-1753$c20171028$lBLL01$h1604
=SRC  \\$aBLWrongdoing
=LAS  \\$aW1606-1753$b00$c20171028$lBLL01$h1604

