=LDR  02306 am a2200421 a 4500
=001  016894804
=003  Uk
=005  20140602093523.0
=006  m\\\\||\\d\|\\\\\\
=007  cr\|||||||||||
=008  140213q17991850sp\a\\\\o\\\\\000\0\spa\d
=FMT  \\$a  BK
=040  \\$aUkCU$beng$cUkCU$dUk
=245  00$aVerdadero romance espiritual donde se refieren las muchas indulgencias que han concedido los sumos pontifices à todos los catholicos y fieles christianos que oyeren missa con gran devocion :$bpara destierro de la ignorancia con que muchos entran en la iglesia à oìrla, agenos de los grandes beneficios que Dios Nuestro Señor nos hace por medio de este santo sacrificio, afirmado por los doctores de la Iglesia.
=260  \\$a[S.l. :$bs.n.,$cbetween 1799 and 1850?]
=300  \\$a1 online resource
=336  \\$atext$2rdacontent
=337  \\$acomputer$2rdamedia
=338  \\$aonline resources$2rdacarrier
=500  \\$aText printed in two columns.
=500  \\$aIn verse.
=500  \\$aIllustration incorporated within title; second part with illustration incorporated within title.
=500  \\$aCaption title.
=500  \\$aIn two parts. Part two has title: "Segundo romance en que refiere consejos muy espirituales à los catolicos christianos, alentandolos à oìr la missa con devocion, para que sepan de la suerte que han de unir su voluntad con la del sacerdote, para que por medio de este santo sacrificio ganen tan grandes y repetidos privilegios como en ella estan concedidos à los que la oyeren con devocion."
=599  \\$aItem no. T37 in volume 11450.h.6.$5Uk
=533  \\$aElectronic Reproduction$bLondon$cBritish Library$d2012$nItem no. T37 in volume 11450.h.6.$5Uk
=650  \0$aChristian literature, Spanish.
=650  \0$aDevotional literature, Spanish.
=650  \4$aLiteratura religiosa española.
=650  \4$aLiteratura española devocional.
=655  \7$aChapbooks$zSpain.$2rbgenr
=856  40$uhttp://cudl.lib.cam.ac.uk/view/PR-11450-H-00006-00037$yCambridge Digital Library
=859  \\$aXLD$bCambridge Digital Library
=CAT  \\$aWR14_159$b00$c20141016$lBLL01$h1656
=CAT  \\$aWR14_181$c20150323$lBLL01$h1403
=CAT  \\$aW1606-1753$c20171028$lBLL01$h1604
=SRC  \\$aBLWrongdoing
=LAS  \\$aW1606-1753$b00$c20171028$lBLL01$h1604

