=LDR  02024 am a2200445 a 4500
=001  016894805
=003  Uk
=005  20140602093843.0
=006  m\\\\||\\d\|\\\\\\
=007  cr\|||||||||||
=008  140213q17991850sp\a\\\\o\\\\\000\0\spa\d
=FMT  \\$a  BK
=040  \\$aUkCU$beng$cUkCU$dUk
=245  00$aNueva relacion y y curioso romance en que se dà cuenta y declara el admirable, portentoso y maravilloso nacimiento del glorioso San Albano, con lo demàs que verà el curioso lector : primera parte.
=260  \\$a[S.l. :$bs.n.,$cbetween 1799 and 1850?]
=300  \\$a1 online resource
=336  \\$atext$2rdacontent
=337  \\$acomputer$2rdamedia
=338  \\$aonline resources$2rdacarrier
=500  \\$aText printed in two columns.
=500  \\$aIn verse.
=500  \\$aIllustration below title; second part with additional illustration at head of title.
=500  \\$aCaption title.
=500  \\$aIn two parts. Part two has title: "Verdadera relacion y curioso romance en que da cuenta y declara el fin de los sucessos y vida de el Señor San Albano, con todo lo demàs que verà el curioso lector : segunda parte."
=599  \\$aItem no. T38 in volume 11450.h.6.$5Uk
=533  \\$aElectronic Reproduction$bLondon$cBritish Library$d2012$nItem no. T38 in volume 11450.h.6.$5Uk
=650  \0$aIncest.
=650  \4$aIncesto.
=650  04$aSan Albano (Fictitious character)
=653  \1$aSan Albano (Personaje ficticio)
=655  \7$aChapbooks$zSpain.$2rbgenr
=662  \\$aHungary$2lcsh-naf
=740  02$aVerdadera relacion y curioso romance en que da cuenta y declara el fin de los sucessos y vida de el Señor San Albanoo.
=856  40$uhttp://cudl.lib.cam.ac.uk/view/PR-11450-H-00006-00038$yCambridge Digital Library
=859  \\$aXLD$bCambridge Digital Library
=CAT  \\$aWR14_159$b00$c20141016$lBLL01$h1656
=CAT  \\$aWR14_181$c20150323$lBLL01$h1403
=CAT  \\$aW1606-1753$c20171028$lBLL01$h1604
=SRC  \\$aBLWrongdoing
=LAS  \\$aW1606-1753$b00$c20171028$lBLL01$h1604

