=LDR  02077 am a2200433 a 4500
=001  016894808
=003  Uk
=005  20140602093513.0
=006  m\\\\||\\d\|\\\\\\
=007  cr\|||||||||||
=008  140213q17461774sp\\\\\\o\\\\\000\0\spa\\
=FMT  \\$a  BK
=040  \\$aUkCU$beng$cUkCU$dUk
=100  1\$aPérez de Montalván, Juan,$d1602-1638.
=245  10$aVida y muerte de Sanson /$cescrita por el doctor Juan Perez de Montalvàn.
=260  \\$aSe hallarà en Valencia :$bEn la imprenta de Agustin Laborda, vive en la Bolserìa ...,$c[between 1746 and 1774]
=300  \\$a1 online resource
=336  \\$atext$2rdacontent
=337  \\$acomputer$2rdamedia
=338  \\$aonline resources$2rdacarrier
=500  \\$aText printed in two columns.
=500  \\$aIn verse.
=500  \\$aCaption title.
=500  \\$aImprint from colophon.
=500  \\$aIn two parts. Part two has title: "Segunda parte en donde se refiere del modo tan raro con que fueron martyrizadas todas las santas virgenes, hermanas de la invencible Española Santa Librada, en que verà el curioso el invencible animo y fortaleza de esta niña tan tierna que viendose en manos de sus enemigos no le temiò à la muerte, antes sì se ofreciò gustosissima à morir por Jesu-Christo."
=599  \\$aItem no. T45 in volume 11450.h.6.$5Uk
=533  \\$aElectronic Reproduction$bLondon$cBritish Library$d2012$nItem no. T45 in volume 11450.h.6.$5Uk
=650  \0$aSamson$c(Biblical judge)
=653  \1$aSansón--Juez bíblico.
=655  \7$aChapbooks$zSpain.$2rbgenr
=740  0\$aSegunda parte en donde se refiere del modo tan raro con que fueron martyrizadas todas las santas virgenes.
=752  \\$aSpain$dValencia.
=856  40$uhttp://cudl.lib.cam.ac.uk/view/PR-11450-H-00006-00045$yCambridge Digital Library
=859  \\$aXLD$bCambridge Digital Library
=CAT  \\$aWR14_159$b00$c20141016$lBLL01$h1656
=CAT  \\$aWR14_181$c20150323$lBLL01$h1403
=CAT  \\$aW1606-1753$c20171028$lBLL01$h1604
=SRC  \\$aBLWrongdoing
=LAS  \\$aW1606-1753$b00$c20171028$lBLL01$h1604

