=LDR  02559 am a2200469 a 4500
=001  016894809
=003  Uk
=005  20140602094029.0
=006  m\\\\||\\d\|\\\\\\
=007  cr\|||||||||||
=008  140213q17461774sp\a\\\\o\\\\\000\0\spa\\
=FMT  \\$a  BK
=040  \\$aUkCU$beng$cUkCU$dUk
=245  00$aDe Santa Librada :$bprimera parte de la vida y maravilloso martyirio de la gloriosissima virgen y martyr Santa Librada : dàse noticia de su dichosissimo nacimiento, y quien fueron sus padres y como nacieron nueve hermanas todas de un parto, y todas murieron martyres, con otras raras maravillas que verá el curioso.
=246  3\$aPrimera parte de la vida y maravilloso martyirio de la gloriosissima virgen y martyr Santa Librada
=260  \\$aSe hallarà en Valencia :$bEn la imprenta de Agustin Laborda,$c[between 1746 and 1774]
=300  \\$a1 online resource
=336  \\$atext$2rdacontent
=337  \\$acomputer$2rdamedia
=338  \\$aonline resources$2rdacarrier
=500  \\$aText printed in two columns.
=500  \\$aIn verse.
=500  \\$aIllustration at head of title.
=500  \\$aCaption title.
=500  \\$aImprint from colophon.
=500  \\$aIn two parts. Part two has title: "Segunda parte en la cual se refiere el modo tan raro con que fueron martirizadas todas las santas vírgenes, hermanas de la invencible Española Santa Librada : en que verá el curioso el admirable ánimo y fortaleza de esta niña tan tierna, que viéndose en manos de sus enemigos, no temió à la muerte, ántes sí ofreció gustosísima à morir por Jesucristo."
=599  \\$aItem no. T46 in volume 11450.h.6.$5Uk
=533  \\$aElectronic Reproduction$bLondon$cBritish Library$d2012$nItem no. T46 in volume 11450.h.6.$5Uk
=650  \0$aWilgefortis (Legendary saint)
=650  \0$aChristian literature, Spanish.
=650  \4$aLiteratura religiosa española.
=653  \0$aLibrada (Santa legendaria)
=655  \7$aChapbooks$zSpain.$2rbgenr
=740  02$aSegunda parte en la cual se refiere el modo tan raro con que fueron martirizadas todas las santas vírgenes, hermanas de la invencible Española Santa Librada.
=752  \\$aSpain$dValencia.
=856  40$uhttp://cudl.lib.cam.ac.uk/view/PR-11450-H-00006-00046$yCambridge Digital Library
=859  \\$aXLD$bCambridge Digital Library
=CAT  \\$aWR14_159$b00$c20141016$lBLL01$h1656
=CAT  \\$aWR14_181$c20150323$lBLL01$h1403
=CAT  \\$aW1606-1753$c20171028$lBLL01$h1604
=SRC  \\$aBLWrongdoing
=LAS  \\$aW1606-1753$b00$c20171028$lBLL01$h1604

