=LDR  01789 am a2200481 a 4500
=001  016894810
=003  Uk
=005  20140602093641.0
=006  m\\\\||\\d\|\\\\\\
=007  cr\|||||||||||
=008  140213q17991850sp\a\\\\o\\\\\000\0\spa\d
=FMT  \\$a  BK
=040  \\$aUkCU$beng$cUkCU$dUk
=245  00$aRomance de los amores, cautiverio y martyrio de Don Diego Polo y sus compañeros.
=260  \\$a[S.l. :$bs.n,$cbetween 1799 and 1850?]
=300  \\$a1 online resource
=336  \\$atext$2rdacontent
=337  \\$acomputer$2rdamedia
=338  \\$aonline resources$2rdacarrier
=500  \\$aText printed in two columns.
=500  \\$aIn verse.
=500  \\$aThreee separate illustrations at head of title.
=500  \\$aCaption title.
=599  \\$aItem no. T47 in volume 11450.h.6.$5Uk
=533  \\$aElectronic Reproduction$bLondon$cBritish Library$d2012$nItem no. T47 in volume 11450.h.6.$5Uk
=650  \0$aDiego Polo (Fictitious character)
=650  \0$aChristianity and other religions$xIslam.
=650  \0$aIslam$xRelations$xChristianity.
=650  \0$aConversion$xChristianity.
=650  \4$aCristianismo y otras religiones$xIslamismo.
=650  \4$aIslamismo$xRelaciones$xCristianismo.
=650  \4$aConversión religiosa$xCristianismo.
=650  \4$aCautivos.
=653  \1$aDiego Polo (Personaje ficticio)
=655  \7$aChapbooks$zSpain.$2rbgenr
=662  \\$aSpain$dMajorca$2lcsh-naf
=856  40$uhttp://cudl.lib.cam.ac.uk/view/PR-11450-H-00006-00047$yCambridge Digital Library
=859  \\$aXLD$bCambridge Digital Library
=CAT  \\$aWR14_159$b00$c20141016$lBLL01$h1656
=CAT  \\$aWR14_181$c20150323$lBLL01$h1403
=CAT  \\$aW1606-1753$c20171028$lBLL01$h1604
=SRC  \\$aBLWrongdoing
=LAS  \\$aW1606-1753$b00$c20171028$lBLL01$h1604

