=LDR  02256 am a2200481 a 4500
=001  016894811
=003  Uk
=005  20140602094104.0
=006  m\\\\||\\d\|\\\\\\
=007  cr\|||||||||||
=008  140213q17751859sp\a\\\\o\\\\\000\0\spa\\
=FMT  \\$a  BK
=040  \\$aUkCU$beng$cUkCU$dUk
=100  10$aRojas, Simón de,$d1552-1624.
=245  10$aColoquio entre dos niños que van a la escuela :$bdonde ay maravillosas preguntas y respuestas à cerca de los principios de la fè, de los mysterios de la missa, y lo que se ha de meditar en ellos, con el Padre Nuestro glossado y un romance de un alma en pecado que desea convertirse à Dios /$ccompuesto por el Licenciado Simon de Roxas.
=260  \\$a[S.l. :$bs.n.,$cbetween 1775 and 1859]
=300  \\$a1 online resource
=336  \\$atext$2rdacontent
=337  \\$acomputer$2rdamedia
=338  \\$aonline resources$2rdacarrier
=500  \\$aText printed in two columns.
=500  \\$aIn verse.
=500  \\$aIllustration below title.
=500  \\$aCaption title.
=500  \\$a"El Padre Nuestro glossado que dixo un pecador arrepentido estando en las agonìas de la muerte": p. [7].
=500  \\$a"Romance de un alma en pecado y que desea con ansia salir de èl": p. [8].
=599  \\$aItem no. T48 in volume 11450.h.6.$5Uk
=533  \\$aElectronic Reproduction$bLondon$cBritish Library$d2012$nItem no. T48 in volume 11450.h.6.$5Uk
=650  \0$aDevotional literature, Spanish.
=650  \0$aChristian education of children.
=650  \4$aLiteratura española devocional.
=650  \4$aEducación cristiana de niños.
=655  \7$aChapbooks$zSpain.$2rbgenr
=740  02$aEl Padre Nuestro glossado que dixo un pecador arrepentido estando en las agonìas de la muerte.
=740  02$aRomance de un alma en pecado y que desea con ansia salir de èl.
=856  40$uhttp://cudl.lib.cam.ac.uk/view/PR-11450-H-00006-00048$yCambridge Digital Library
=859  \\$aXLD$bCambridge Digital Library
=CAT  \\$aWR14_159$b00$c20141016$lBLL01$h1656
=CAT  \\$aBATCH-UPD$b00$c20141016$lBLL01$h1712
=CAT  \\$aWR14_181$c20150323$lBLL01$h1403
=CAT  \\$aW1606-1753$c20171028$lBLL01$h1604
=SRC  \\$aBLWrongdoing
=LAS  \\$aW1606-1753$b00$c20171028$lBLL01$h1604

