=LDR  02743 am a2200469 a 4500
=001  016894812
=003  Uk
=005  20140602094128.0
=006  m\\\\||\\d\|\\\\\\
=007  cr\|||||||||||
=008  140213q17991850sp\\\\\\o\\\\\000\0\spa\d
=FMT  \\$a  BK
=040  \\$aUkCU$beng$cUkCU$dUk
=245  00$aCartilla de casamientos :$bCuriosas seguidillas nuevas y calidades que deben tener las señoras mugeres con quienes se quieren casar los mocitos solteros, para desengaño de los que juzgando llevan una muger discreta, limpia y aplicada, se encuentran luego con una tonta, puerca y holgazana : y para aviso de los que imaginando coger un gran dote, los dàn por junto tres sillas, las dos quebradas y la otra hecha pedazos, con otras entretenidas graciosidades : primera parte.
=260  \\$aCon licencia en Madrid :$b[s.n.,$cbetween 1799 and 1850?]
=300  \\$a1 online resource
=336  \\$atext$2rdacontent
=337  \\$acomputer$2rdamedia
=338  \\$aonline resources$2rdacarrier
=500  \\$aText printed in two columns.
=500  \\$aIn verse.
=500  \\$aCaption title.
=500  \\$aImprint from colophon.
=500  \\$aIn two parts. Part two has title: "Segunda parte de las festivas graciosas seguidillas nuevas en que se manifiestan alegremente las partidas, clausulas y circunstancias con que deben escoger à sus novios las señoras doncellas para huir de los que pareciendo angeles al casarse se buelven luego grandes domonios y para no encontrar con aquellos usias pisaverdes, que dando à entender que tienen seis mil ducados de renta, se hallan luego que les falta ocho quartos y medio para un real: con todo lo demàs que verà el entretenido curioso en este manogito de verdades."
=599  \\$aItem no. T49 in volume 11450.h.6.$5Uk
=533  \\$aElectronic Reproduction$bLondon$cBritish Library$d2012$nItem no. T49 in volume 11450.h.6.$5Uk
=650  \0$aSatire, Spanish.
=650  \0$aMan-woman relationships.
=650  \0$aMarriage.
=650  \4$aSátira española.
=650  \4$aRelaciones hombre-mujer.
=650  \4$aMatrimonio.
=655  \7$aChapbooks$zSpain.$2rbgenr
=740  02$aSegunda parte de las festivas graciosas seguidillas nuevas en que se manifiestan alegremente las partidas, clausulas y circunstancias con que deben escoger à sus novios las señoras doncellas.
=752  \\$aSpain$dMadrid.
=856  40$uhttp://cudl.lib.cam.ac.uk/view/PR-11450-H-00006-00049$yCambridge Digital Library
=859  \\$aXLD$bCambridge Digital Library
=CAT  \\$aWR14_159$b00$c20141016$lBLL01$h1656
=CAT  \\$aWR14_181$c20150323$lBLL01$h1403
=CAT  \\$aW1606-1753$c20171028$lBLL01$h1604
=SRC  \\$aBLWrongdoing
=LAS  \\$aW1606-1753$b00$c20171028$lBLL01$h1604

