=LDR  01673 am a2200433 a 4500
=001  016894813
=003  Uk
=005  20140602093628.0
=006  m\\\\||\\d\|\\\\\\
=007  cr\|||||||||||
=008  140213q17991850sp\a\\\\o\\\\\000\0\spa\d
=FMT  \\$a  BK
=040  \\$aUkCU$beng$cUkCU$dUk
=245  00$aRomance espiritual en que se declaran el mysterio de los desposorios del Señor San Joseph y Maria Santissima, la Encarnacion del Divino Verbo y los zelos del Señor San Joseph.
=260  \\$a[S.l. :$bs.n.,$cbetween 1799 and 1850?]
=300  \\$a1 online resource
=336  \\$atext$2rdacontent
=337  \\$acomputer$2rdamedia
=338  \\$aonline resources$2rdacarrier
=500  \\$aText printed in two columns.
=500  \\$aIn verse.
=500  \\$aIllustration at head of title.
=500  \\$aCaption title.
=599  \\$aItem no. T50 in volume 11450.h.6.$5Uk
=533  \\$aElectronic Reproduction$bLondon$cBritish Library$d2012$nItem no. T50 in volume 11450.h.6.$5Uk
=600  00$aMary,$cBlessed Virgin, Saint$xMarriage.
=600  00$aJoseph,$cSaint$xMarriage.
=600  04$aVirgen María$xMatrimonio.
=600  04$aJosé,$cSanto$xMatrimonio.
=650  \0$aChristian literature, Spanish.
=650  \4$aLiteratura religiosa española.
=655  \7$aChapbooks$zSpain.$2rbgenr
=856  40$uhttp://cudl.lib.cam.ac.uk/view/PR-11450-H-00006-00050$yCambridge Digital Library
=859  \\$aXLD$bCambridge Digital Library
=CAT  \\$aWR14_159$b00$c20141016$lBLL01$h1656
=CAT  \\$aWR14_181$c20150323$lBLL01$h1403
=CAT  \\$aW1606-1753$c20171028$lBLL01$h1604
=SRC  \\$aBLWrongdoing
=LAS  \\$aW1606-1753$b00$c20171028$lBLL01$h1604

