=LDR  01609 am a2200409 a 4500
=001  016894814
=003  Uk
=005  20140602093538.0
=006  m\\\\||\\d\|\\\\\\
=007  cr\|||||||||||
=008  140213s1840\\\\sp\\\\\\o\\\\\000\0\spa\d
=FMT  \\$a  BK
=040  \\$aUkCU$beng$cUkCU$dUk
=245  00$aTrobos alegres en elogio del Excmo. Señor Don Baldomero Espartero :$bacompañados de una sátira que cantan las mozas de las provincias vascongadas, dándole las gracias por haber hecho la paz que tanto hemos deseado.
=260  \\$aReimpreso en Valencia :$bPor M. López y Ca.,$c1840.
=300  \\$a1 online resource
=336  \\$atext$2rdacontent
=337  \\$acomputer$2rdamedia
=338  \\$aonline resources$2rdacarrier
=500  \\$aText printed in two columns.
=500  \\$aIn verse.
=500  \\$aCaption title.
=500  \\$aImprint from colophon.
=599  \\$aItem no. T53 in volume 11450.h.6.$5Uk
=533  \\$aElectronic Reproduction$bLondon$cBritish Library$d2012$nItem no. T53 in volume 11450.h.6.$5Uk
=600  10$aEspartero, Baldomero,$d1793-1879.
=650  \0$aSongs, Spanish$xTexts.
=653  \0$aCanciones españolas--Textos.
=655  \7$aChapbooks$zSpain.$2rbgenr
=752  \\$aSpain$dValencia.
=856  40$uhttp://cudl.lib.cam.ac.uk/view/PR-11450-H-00006-00053$yCambridge Digital Library
=859  \\$aXLD$bCambridge Digital Library
=CAT  \\$aWR14_159$b00$c20141016$lBLL01$h1656
=CAT  \\$aWR14_181$c20150323$lBLL01$h1403
=CAT  \\$aW1606-1753$c20171028$lBLL01$h1604
=SRC  \\$aBLWrongdoing
=LAS  \\$aW1606-1753$b00$c20171028$lBLL01$h1604

