=LDR  05089 am a2200493 a 4500
=001  016894816
=003  Uk
=005  20140602094944.0
=006  m\\\\||\\d\|\\\\\\
=007  cr\|||||||||||
=008  140214m18611863sp\a\\\\o\\\\\000\0\spa\d
=FMT  \\$a  BK
=040  \\$aUkCU$beng$cUkCU$dUk
=041  0\$aspa$acat
=245  03$aEl cantor de las hermosas :$btrobas de amor dedicadas al bello secso por unos aficionados.
=246  30$aTrobas de amor dedicadas al bello secso por unos aficionados
=260  \\$aBarcelona :$bSe halla de venta en casa de Antonio Bosch, calle del Bou de la plaza Nueva, n.° 3,$c1861-1863$f(Imp. de Narciso Ramirez, calle de Escudillers, núm. 40, piso principal)
=300  \\$a1 online resource
=336  \\$atext$2rdacontent
=337  \\$acomputer$2rdamedia
=338  \\$aonline resources$2rdacarrier
=500  \\$aText printed in two columns.
=500  \\$aIn verse.
=500  \\$aIllustration below title; multiple illustrations throughout.
=500  \\$aCaption title.
=500  \\$aMostly printed on coloured paper.
=500  \\$aImprint from colophon. Printer varies: Nrs. 6, 9, 21, by Imprenta de Antonio Bosch; Nrs 7, 11, 29. 31, by Imprenta de Jacinto Sánchez; nrs. 8, 12, 35, by Imprenta de Roberto Torres; nr. 27, by Imprenta del Comercio; nr. 41, 43, by Imprenta de la Publicidad, de Antonio Flotats.
=500  \\$a"Núm. 1 - Núm. 43."
=505  0\$aNúm. 1. Á una ingrata. La palabra de amor. La luz de la luna -- Núm. 2. La separacion. A Blanca -- Núm. 3. El postrer adios. Un dia en el Prado. El adios del partir -- Núm. 4. La declaracion. Un si. A Rosina -- Núm. 5. La aurora. Era un sueño. La ingratitud -- Núm. 6. El falso halago. La tempestad. Recuerdos de mi infancia -- Núm. 7. Un desengaño. Tu mirada. Un deseo. A mi lira -- Núm. 8. Al partir. El secreto. El llanto. Caramellas -- Núm. 9. La jitana ó La buenaventura. Tu falsia. Serenata. Recuerdos de amor -- Núm. 10. El chufero. El cantor de Elisa -- Núm. 11. La turronera de Madrid. El Gache en la Noche Buena. La Natividad del Señor. La vijilia de Nadal -- Núm. 12. El puñal. La inconstancia. Infidelidad -- Núm. 13. La gatatumba. A una hermosa en sus dias. El carnaval -- Núm. 14. El ultimo adios. La nit de Pascua. La resurrecció del Señor. Á mi amada -- Núm. 15. Sueños de gloria. Alborada. Elogio á Matilde ó Una noche de amor-- [Núm. 16?]. La muerte. La ausencia. Despedida de un trovador-- Núm. 17. Goces del alma. Á las hermosas. Amor y desden -- Núm. 18. Mi querella. Delirio. Inspiracion -- Núm. 19. Deseos de un si. La ilusion. La dicha -- Núm. 20. La estudiantina. La barcarola. La existencia: querellas de un desvalido -- Núm. 21. La ausencia. Salero y olé. Adios mes de mayo -- Núm. 22. La estrella matutina. El pescador. El lelé-- Núm. 23. Las rosas de abril. La desesperacion. Quejas de amor -- Núm. 24. A una beldad. Agua va. Estudiantina. El torero andaluz -- Núm. 25. Canela de España. La tierra é Maria Santisima. El baratero español -- Núm. 26. Recuerdo á María. Un recuerdo. A una rosa -- Núm. 27. Flor querida. La mascarilla. Lo pinxo de platxa -- Núm. 28. A Pepita. Caramellas per cantar en la nit de Pascua. Vals corejat dels ausellets. Un sí de amor -- Núm. 29. Despedida. Dúo a Laura. La estudiantina -- Núm. 30. Barcarola. Un adios. Las quejas. El consuelo. El estraviado -- Núm. 31. Lamentos de Arturo y Constanza. -- Núm. 32. A Belisa. El jaleo. El sol de Seviya. El desconsuelo. El ramo de la mañana de San Juan. Canoto -- Núm. 33. Un sueño. A Teresa. Un juramento. El bardo -- Núm. 35. El solitario. Duo: Invocacion a Aurora. El feliz panteon -- Núm. 36. Queja de amor. Á mi Dulcinea. Cancion. A una beldad -- Núm. 37. Recuerdos de una ingrata. Mi tristeza. Adios á ella -- Núm. 38. Un lamento. Quejas a Filena. ¡Compasion! El arroyuelo. Á Elisa. Á la ventana de una ingrata -- Núm. 39. La jibara. Las hermosas en el baile. Un suspiro -- Núm. 40. Los suspiros. La ramilletera. Por ti sola -- Núm. 41. Amores de Ernesto y Angelina. Ausencia y regreso. -- Núm. 42. Era un sueño!! La ausencia. La marinerita -- Núm. 43. Á mi amigo. La danza y el amor. El miriñaque.
=546  \\$aChiefly in Spanish, with some Catalan.
=599  \\$aItem no. T1 in volume 12330.l.8.$5Uk
=599  \\$aLibrary copy lacks Núm. 34.$5Uk
=533  \\$aElectronic Reproduction$bLondon$cBritish Library$d2012$nItem no. T1 in volume 12330.l.8.$nLibrary copy lacks Núm. 34.$5Uk
=650  \0$aSongs, Spanish$vTexts.
=653  \0$aCanciones españolas--Textos.
=655  \7$aChapbooks$zSpain.$2rbgenr
=752  \\$aSpain$dBarcelona.
=856  40$uhttp://cudl.lib.cam.ac.uk/view/PR-12330-L-00008-00001$yCambridge Digital Library
=859  \\$aXLD$bCambridge Digital Library
=CAT  \\$aWR14_159$b00$c20141016$lBLL01$h1656
=CAT  \\$aWR14_181$c20150323$lBLL01$h1403
=CAT  \\$aW1606-1753$c20171028$lBLL01$h1604
=SRC  \\$aBLWrongdoing
=LAS  \\$aW1606-1753$b00$c20171028$lBLL01$h1604

