=LDR  01962 am a2200517 a 4500
=001  016894819
=003  Uk
=005  20140602094607.0
=006  m\\\\||\\d\|\\\\\\
=007  cr\|||||||||||
=008  140214s1852\\\\sp\a\\\\o\\\\\000\0\spa\\
=FMT  \\$a  BK
=040  \\$aUkCU$beng$cUkCU$dUk
=245  03$aEl nunca bien ponderado, célebre cual no otro, y alegre casamiento de Juan Pindajo con Mariana Curiana :$bsus celebridades, ropas, comida, dote, y demas ocurrencias que verá el curioso lector.
=246  30$aCasamiento de Juan Pindajo con Mariana Curiana
=260  \\$aReus :$bImprenta y librerí de Juan B. Vidal, calle Mayor,$c1852.
=300  \\$a1 online resource
=336  \\$atext$2rdacontent
=337  \\$acomputer$2rdamedia
=338  \\$aonline resources$2rdacarrier
=500  \\$aText printed in two columns.
=500  \\$aTwo separate illustrations at head of title.
=500  \\$aIn verse.
=500  \\$aCaption title.
=500  \\$aImprint from colophon.
=500  \\$a"(Núm. 9.)"
=599  \\$aItem no. T4 in volume 12330.l.8.$5Uk
=533  \\$aElectronic Reproduction$bLondon$cBritish Library$d2012$nItem no. T4 in volume 12330.l.8.$5Uk
=650  \0$aParody.
=650  \0$aMarriage.
=650  \4$aMatrimonio.
=650  \4$aParodia.
=650  \4$aJuan Pindajo (Fictitious character)
=650  \4$aMariana Curiana (Fictitious character)
=653  \1$aJuan Pindajo (Personaje ficticio)
=653  \1$aMariana Curiana (Personaje ficticio)
=655  \7$aChapbooks$zSpain.$2rbgenr
=662  \\$aSpain$dPorcuna$2lcsh-naf
=752  \\$aSpain$dReus.
=856  40$uhttp://cudl.lib.cam.ac.uk/view/PR-12330-L-00008-00004$yCambridge Digital Library
=859  \\$aXLD$bCambridge Digital Library
=CAT  \\$aWR14_159$b00$c20141016$lBLL01$h1656
=CAT  \\$aWR14_181$c20150323$lBLL01$h1403
=CAT  \\$aW1606-1753$c20171028$lBLL01$h1604
=SRC  \\$aBLWrongdoing
=LAS  \\$aW1606-1753$b00$c20171028$lBLL01$h1604

