=LDR  01607 am a2200445 a 4500
=001  016894820
=003  Uk
=005  20140602094300.0
=006  m\\\\||\\d\|\\\\\\
=007  cr\|||||||||||
=008  140214s1860\\\\sp\a\\\\o\\\\\000\0\spa\d
=FMT  \\$a  BK
=040  \\$aUkCU$beng$cUkCU$dUk
=245  00$aTrobos nuevos y divertidos para cantar los galanes á sus queridas damas :$bcomo lo verá el curioso lector.
=260  \\$aReus :$bImprenta y librería de Juan B. Vidal, calle Mayor,$c1860.
=300  \\$a1 online resource
=336  \\$atext$2rdacontent
=337  \\$acomputer$2rdamedia
=338  \\$aonline resources$2rdacarrier
=500  \\$aText printed in two columns.
=500  \\$aIn verse.
=500  \\$aTwo separate illustrations at head of title.
=500  \\$aCaption title.
=500  \\$aImprint from colophon.
=500  \\$a"(Núm. 13.)"
=599  \\$aItem no. T5 in volume 12330.l.8.$5Uk
=533  \\$aElectronic Reproduction$bLondon$cBritish Library$d2012$nItem no. T5 in volume 12330.l.8.$5Uk
=650  \0$aSongs, Spanish$vTexts.
=650  \0$aCourtship.
=650  \4$aCortejo amoroso.
=653  \0$aCanciones españolas--Textos.
=655  \7$aChapbooks$zSpain.$2rbgenr
=752  \\$aSpain$dReus.
=856  40$uhttp://cudl.lib.cam.ac.uk/view/PR-12330-L-00008-00005$yCambridge Digital Library
=859  \\$aXLD$bCambridge Digital Library
=CAT  \\$aWR14_159$b00$c20141016$lBLL01$h1656
=CAT  \\$aWR14_181$c20150323$lBLL01$h1403
=CAT  \\$aW1606-1753$c20171028$lBLL01$h1604
=SRC  \\$aBLWrongdoing
=LAS  \\$aW1606-1753$b00$c20171028$lBLL01$h1604

