=LDR  02072 am a2200505 a 4500
=001  016894823
=003  Uk
=005  20140602094921.0
=006  m\\\\||\\d\|\\\\\\
=007  cr\|||||||||||
=008  140214s1854\\\\sp\a\\\\o\\\\\000\0\spa\d
=FMT  \\$a  BK
=040  \\$aUkCU$beng$cUkCU$dUk
=245  00$aCarta de Pedro Chinchon a su amigo Paco Gil :$bCuriosa sátira en que un amigo le pide á otro su parecer, si debe casarse ó sentar plaza de soldado, manifestando los cuarenta y ocho motivos que tienen los hombres para casarse, y los treinta y seis para no casarse : primera parte.
=246  30$aCuriosa sátira en que un amigo le pide á otro su parecer
=260  \\$aReus :$bImprenta y librería de Juan B. Vidal, calle Mayor,$c1854.
=300  \\$a1 online resource
=336  \\$atext$2rdacontent
=337  \\$acomputer$2rdamedia
=338  \\$aonline resources$2rdacarrier
=500  \\$aText printed in two columns.
=500  \\$aIn verse.
=500  \\$aTwo separate illustrations at head of title.
=500  \\$aCaption title.
=500  \\$aImprint from colophon.
=500  \\$a"(Núm. 57.)"
=599  \\$aItem no. T9 in volume 12330.l.8.$5Uk
=533  \\$aElectronic Reproduction$bLondon$cBritish Library$d2012$nItem no. T9 in volume 12330.l.8.$5Uk
=650  \4$aPedro Chinchon (Fictitious character)
=650  \4$aPaco Gil (Fictitious character)
=650  \0$aSatire, Spanish.
=650  \0$aMarriage$xSocial aspects.
=650  \4$aSátira española.
=650  \4$aMatrimonio$xAspectos sociales.
=653  \1$aPedro Chinchon (Personaje ficticio)
=653  \1$aPaco Gil (Personaje ficticio)
=655  \7$aChapbooks$zSpain.$2rbgenr
=752  \\$aSpain$dReus.
=856  40$uhttp://cudl.lib.cam.ac.uk/view/PR-12330-L-00008-00009$yCambridge Digital Library
=859  \\$aXLD$bCambridge Digital Library
=CAT  \\$aWR14_159$b00$c20141016$lBLL01$h1656
=CAT  \\$aWR14_181$c20150323$lBLL01$h1403
=CAT  \\$aW1606-1753$c20171028$lBLL01$h1604
=SRC  \\$aBLWrongdoing
=LAS  \\$aW1606-1753$b00$c20171028$lBLL01$h1604

