=LDR  01808 am a2200457 a 4500
=001  016894829
=003  Uk
=005  20140602094425.0
=006  m\\\\||\\d\|\\\\\\
=007  cr\|||||||||||
=008  140214s18571861sp\a\\\\o\\\\\000\0\spa\d
=FMT  \\$a  BK
=040  \\$aUkCU$beng$cUkCU$dUk
=245  04$aLas tres canciones tituladas El rosinyol, Simples avecillas y La niña hermosa.
=246  30$aRosinyol
=260  \\$aBarcelona :$bSe halla de venta en casa Antonio Bosch, calle del Bou de la plaza Nueva, n.° 3,$c[between 1857 and 1861?]$f(Imp. de La Publicidad, de Antonio Flotats, bajada de la Cárcel, n.° 6, piso 2.°)
=300  \\$a1 online resource
=336  \\$atext$2rdacontent
=337  \\$acomputer$2rdamedia
=338  \\$aonline resources$2rdacarrier
=500  \\$aText printed in two columns.
=500  \\$aIn verse.
=500  \\$aTwo separate illustrations at head of title; two additional illustrations on p. [3].
=500  \\$aCaption title.
=500  \\$aPrinted on coloured paper.
=500  \\$aImprint from colophon.
=599  \\$aItem no. T16 in volume 12330.l.8.$5Uk
=533  \\$aElectronic Reproduction$bLondon$cBritish Library$d2012$nItem no. T16 in volume 12330.l.8.$5Uk
=650  \0$aSongs, Spanish$vTexts.
=653  \0$aCanciones españolas--Textos.
=655  \7$aChapbooks$zSpain.$2rbgenr
=740  02$aSimples avecillas.
=740  02$aNiña hermosa.
=752  \\$aSpain$dBarcelona.
=856  40$uhttp://cudl.lib.cam.ac.uk/view/PR-12330-L-00008-00016$yCambridge Digital Library
=859  \\$aXLD$bCambridge Digital Library
=CAT  \\$aWR14_159$b00$c20141016$lBLL01$h1656
=CAT  \\$aWR14_181$c20150323$lBLL01$h1403
=CAT  \\$aW1606-1753$c20171028$lBLL01$h1604
=SRC  \\$aBLWrongdoing
=LAS  \\$aW1606-1753$b00$c20171028$lBLL01$h1604

