=LDR  02084 am a2200517 a 4500
=001  016894833
=003  Uk
=005  20140602094636.0
=006  m\\\\||\\d\|\\\\\\
=007  cr\|||||||||||
=008  140214s1861\\\\sp\a\\\\o\\\\\000\0\spa\d
=FMT  \\$a  BK
=040  \\$aUkCU$beng$cUkCU$dUk
=041  0\$aspa$acat
=245  04$aLas nuevas coplas :$bEl niño perdido : corregidas y aumentadas y acompañadas de un coro pastoril per cantarse en la nit de Nadal.
=246  30$aNiño perdido
=260  \\$aBarcelona :$bSe halla de venta en casa de Antonio Bosch, calle del Bou de la plaza Nueva, n.° 3,$c1861$f(Imp. de Narciso Ramirez, calle de Escudillers, núm. 40, piso principal)
=300  \\$a1 online resource
=336  \\$atext$2rdacontent
=337  \\$acomputer$2rdamedia
=338  \\$aonline resources$2rdacarrier
=500  \\$aText printed in two columns.
=500  \\$aIn verse.
=500  \\$aIllustration at head of title; additional illustration at head of p. [3].
=500  \\$aCaption title.
=500  \\$aPrinted on coloured paper.
=500  \\$aImprint from colophon.
=500  \\$a"Letrilla al naixament de nostre Señor Jesucrist": p. [4].
=546  \\$aIn Spanish and Catalan.
=599  \\$aItem no. T23 in volume 12330.l.8.$5Uk
=533  \\$aElectronic Reproduction$bLondon$cBritish Library$d2012$nItem no. T23 in volume 12330.l.8.$5Uk
=650  \0$aSongs, Spanish$vTexts.
=650  \0$aChildren.
=650  \4$aNiños.
=653  \0$aCanciones españolas--Textos.
=655  \7$aChapbooks$zSpain.$2rbgenr
=740  02$aCoro pastoril per cantarse en la nit de Nadal.
=740  02$aLetrilla al naixament de nostre Señor Jesucrist.
=752  \\$aSpain$dBarcelona.
=856  40$uhttp://cudl.lib.cam.ac.uk/view/PR-12330-L-00008-00023$yCambridge Digital Library
=859  \\$aXLD$bCambridge Digital Library
=CAT  \\$aWR14_159$b00$c20141016$lBLL01$h1656
=CAT  \\$aWR14_181$c20150323$lBLL01$h1403
=CAT  \\$aW1606-1753$c20171028$lBLL01$h1604
=SRC  \\$aBLWrongdoing
=LAS  \\$aW1606-1753$b00$c20171028$lBLL01$h1604

