=LDR  01976 am a2200505 a 4500
=001  016894835
=003  Uk
=005  20140602094646.0
=006  m\\\\||\\d\|\\\\\\
=007  cr\|||||||||||
=008  140217s1848\\\\sp\a\\\\o\\\\\000\0\spa\d
=FMT  \\$a  BK
=040  \\$aUkCU$beng$cUkCU$dUk
=245  00$aNoticia trágica de la crueldad y tiranía que ejecutaron cuatro facinerosos ladrones con el cura de Villanueva de Andujar :$by la enorme accion que hicieron con su criada, cortándola los pechos, y se refiere el castigo que la divina justicia ejecutó con ellos en vista de sus maldades : primera parte.
=260  \\$aValladolid :$bImprenta de Dámaso Santaren,$c1848.
=300  \\$a1 online resource
=336  \\$atext$2rdacontent
=337  \\$acomputer$2rdamedia
=338  \\$aonline resources$2rdacarrier
=500  \\$aText printed in two columns.
=500  \\$aIn verse.
=500  \\$aThree separate illustrations at head of title.
=500  \\$aCaption title.
=500  \\$aImprint from colophon.
=500  \\$aIn two parts.
=599  \\$aItem no. T25 in volume 12330.l.8.$5Uk
=533  \\$aElectronic Reproduction$bLondon$cBritish Library$d2012$nItem no. T25 in volume 12330.l.8.$5Uk
=650  \0$aBrigands and robbers.
=650  \0$aWomen$xCrimes against.
=650  \0$aJudgment of God.
=650  \0$aChristianity and justice.
=650  \4$aBandoleros.
=650  \4$aMujeres$xDelitos contra las.
=650  \4$aSacerdotes.
=650  \4$aServicio doméstico.
=653  \0$aJusticia divina.
=655  \7$aChapbooks$zSpain.$2rbgenr
=752  \\$aSpain$dValladolid.
=856  40$uhttp://cudl.lib.cam.ac.uk/view/PR-12330-L-00008-00025$yCambridge Digital Library
=859  \\$aXLD$bCambridge Digital Library
=CAT  \\$aWR14_159$b00$c20141016$lBLL01$h1656
=CAT  \\$aWR14_181$c20150323$lBLL01$h1403
=CAT  \\$aW1606-1753$c20171028$lBLL01$h1604
=SRC  \\$aBLWrongdoing
=LAS  \\$aW1606-1753$b00$c20171028$lBLL01$h1604

