=LDR  01707 am a2200445 a 4500
=001  016894836
=003  Uk
=005  20140602094516.0
=006  m\\\\||\\d\|\\\\\\
=007  cr\|||||||||||
=008  140217s1858\\\\sp\a\\\\o\\\\\000\0\spa\d
=FMT  \\$a  BK
=040  \\$aUkCU$beng$cUkCU$dUk
=245  00$aRomance nuevo con que esplica la sencillez y modo de vivir que suelen tener algunas señoras y varios caballeros de hoy dia :$bcomo delineado está á la continuacion de este papel.
=260  \\$aReus :$bImprenta de Juan B. Vidal,$c1858.
=300  \\$a1 online resource
=336  \\$atext$2rdacontent
=337  \\$acomputer$2rdamedia
=338  \\$aonline resources$2rdacarrier
=500  \\$aText printed in two columns.
=500  \\$aIn verse.
=500  \\$aThree separate illustrations at head of title.
=500  \\$aCaption title.
=500  \\$aImprint from colophon.
=500  \\$a"Es propiedad de Leonardo Mutiño": p. [4].
=599  \\$aItem no. T26 in volume 12330.l.8.$5Uk
=533  \\$aElectronic Reproduction$bLondon$cBritish Library$d2012$nItem no. T26 in volume 12330.l.8.$5Uk
=650  \0$aWomen$xConduct of life.
=650  \0$aMen$xConduct of life.
=650  \4$aMujeres$xConducta de vida.
=650  \0$aHombres$xConducta de vida.
=655  \7$aChapbooks$zSpain.$2rbgenr
=752  \\$aSpain$dReus.
=856  40$uhttp://cudl.lib.cam.ac.uk/view/PR-12330-L-00008-00026$yCambridge Digital Library
=859  \\$aXLD$bCambridge Digital Library
=CAT  \\$aWR14_159$b00$c20141016$lBLL01$h1656
=CAT  \\$aWR14_181$c20150323$lBLL01$h1403
=CAT  \\$aW1606-1753$c20171028$lBLL01$h1604
=SRC  \\$aBLWrongdoing
=LAS  \\$aW1606-1753$b00$c20171028$lBLL01$h1604

