=LDR  01734 am a2200469 a 4500
=001  016894839
=003  Uk
=005  20140602101032.0
=006  m\\\\||\\d\|\\\\\\
=007  cr\|||||||||||
=008  140217s1861\\\\sp\a\\\\o\\\\\000\0\spa\d
=FMT  \\$a  BK
=040  \\$aUkCU$beng$cUkCU$dUk
=245  00$aProfecía para el año 1861 /$cescrita por el viejo Malaquías y dedicada á la nueva ley.
=246  33$aProfecía del viejo Jeremías para el año 1861
=260  \\$aBarcelona :$bImprenta de Ignacio Estivill, calle de S. Pablo, 23,$c1861.
=300  \\$a1 online resource
=336  \\$atext$2rdacontent
=337  \\$acomputer$2rdamedia
=338  \\$aonline resources$2rdacarrier
=500  \\$aText printed in two columns.
=500  \\$aIn verse.
=500  \\$aIllustration at head of title.
=500  \\$aCaption title.
=500  \\$aImprint from colophon.
=599  \\$aItem no. T29 in volume 12330.l.8.$5Uk
=533  \\$aElectronic Reproduction$bLondon$cBritish Library$d2012$nItem no. T29 in volume 12330.l.8.$5Uk
=650  \0$aDivination.
=650  \0$aProphecies.
=650  \4$aAdivinación.
=650  \4$aProfecías.
=655  \7$aChapbooks$zSpain.$2rbgenr
=700  1\$aEstivill, Ignacio,$dactive 1816-1852$cactive 1816-1852,$eprinter.$5Uk
=752  \\$aSpain$dBarcelona.
=856  40$uhttp://cudl.lib.cam.ac.uk/view/PR-12330-L-00008-00029$yCambridge Digital Library
=859  \\$aXLD$bCambridge Digital Library
=CAT  \\$aWR14_159$b00$c20141016$lBLL01$h1656
=CAT  \\$aBATCH-UPD$b00$c20141016$lBLL01$h1712
=CAT  \\$aWR14_181$c20150323$lBLL01$h1403
=CAT  \\$aW1606-1753$c20171028$lBLL01$h1604
=SRC  \\$aBLWrongdoing
=LAS  \\$aW1606-1753$b00$c20171028$lBLL01$h1604

