=LDR  01544 am a2200421 a 4500
=001  016894840
=003  Uk
=005  20140602094353.0
=006  m\\\\||\\d\|\\\\\\
=007  cr\|||||||||||
=008  140217s1862\\\\sp\a\\\\o\\\\\000\0\spa\d
=FMT  \\$a  BK
=040  \\$aUkCU$beng$cUkCU$dUk
=100  0\$aF., J.
=245  10$aTrobos nuevos y amorosos para cantar los galanes á sus queridas damas :$baumentados con una Americana á coro.
=260  \\$aReus :$bImp. de José Generés,$c1862.
=300  \\$a1 online resource
=336  \\$atext$2rdacontent
=337  \\$acomputer$2rdamedia
=338  \\$aonline resources$2rdacarrier
=500  \\$aText printed in two columns.
=500  \\$aIn verse.
=500  \\$aTwo separate illustrations at head of title.
=500  \\$aCaption title.
=500  \\$aImprint from colophon.
=500  \\$a"Su autor J.F. y propiedad de Juan Grau": p. [4].
=599  \\$aItem no. T30 in volume 12330.l.8.$5Uk
=533  \\$aElectronic Reproduction$bLondon$cBritish Library$d2012$nItem no. T30 in volume 12330.l.8.$5Uk
=653  \0$aCanciones españolas--Textos.
=655  \7$aChapbooks$zSpain.$2rbgenr
=752  \\$aSpain$dReus.
=856  40$uhttp://cudl.lib.cam.ac.uk/view/PR-12330-L-00008-00030$yCambridge Digital Library
=859  \\$aXLD$bCambridge Digital Library
=CAT  \\$aWR14_159$b00$c20141016$lBLL01$h1656
=CAT  \\$aWR14_181$c20150323$lBLL01$h1403
=CAT  \\$aW1606-1753$c20171028$lBLL01$h1604
=SRC  \\$aBLWrongdoing
=LAS  \\$aW1606-1753$b00$c20171028$lBLL01$h1604

