=LDR  01801 am a2200481 a 4500
=001  016894844
=003  Uk
=005  20140602094413.0
=006  m\\\\||\\d\|\\\\\\
=007  cr\|||||||||||
=008  140217s1863\\\\sp\a\\\\o\\\\\000\0\spa\d
=FMT  \\$a  BK
=040  \\$aUkCU$beng$cUkCU$dUk
=041  0\$aspa$acat
=100  1\$aFerré, Josep,$d1835-1906.
=245  10$aTrobos nuevos, amorosos y elegantes para cantar con guitarra á las jóvenes doncellas, precedidos de un diálogo /$cpor J. F. (a) Queri.
=260  \\$aReus :$bImp. de Generés,$c1863.
=300  \\$a1 online resource
=336  \\$atext$2rdacontent
=337  \\$acomputer$2rdamedia
=338  \\$aonline resources$2rdacarrier
=500  \\$aText printed in two columns.
=500  \\$aIn verse.
=500  \\$aTwo separate illustrations at head of title; two additional illustrations at head of p. [3].
=500  \\$aCaption title.
=500  \\$aImprint from colophon.
=500  \\$a"Diálogo entre Punchagút y Mocallosas": p. [3-4].
=599  \\$aItem no. T34 in volume 12330.l.8.$5Uk
=546  \\$aIn Spanish and Catalan.
=533  \\$aElectronic Reproduction$bLondon$cBritish Library$d2012$nItem no. T34 in volume 12330.l.8.$5Uk
=650  \0$aSongs, Spanish$vTexts.
=650  \0$aCourtship.
=650  \4$aCortejo amoroso.
=653  \0$aCanciones españolas--Textos.
=655  \7$aChapbooks$zSpain.$2rbgenr
=752  \\$aSpain$dReus.
=856  40$uhttp://cudl.lib.cam.ac.uk/view/PR-12330-L-00008-00034$yCambridge Digital Library
=859  \\$aXLD$bCambridge Digital Library
=CAT  \\$aWR14_159$b00$c20141016$lBLL01$h1656
=CAT  \\$aWR14_181$c20150323$lBLL01$h1403
=CAT  \\$aW1606-1753$c20171028$lBLL01$h1604
=SRC  \\$aBLWrongdoing
=LAS  \\$aW1606-1753$b00$c20171028$lBLL01$h1604

