=LDR  01650 am a2200421 a 4500
=001  016894849
=003  Uk
=005  20140602094705.0
=006  m\\\\||\\d\|\\\\\\
=007  cr\|||||||||||
=008  140217q18461892sp\a\\\\o\\\\\000\0\cat\d
=FMT  \\$a  BK
=040  \\$aUkCU$beng$cUkCU$dUk
=245  03$aLa mina de la Francisca, ó sia, Castellets fundats en l'ayre per batres ab la fortuna humorada de un poeta llemosí.
=246  30$aCastellets fundats en l'ayre per batres ab la fortuna humorada de un poeta llemosí
=260  \\$aBarcelona :$bImp. de Cristóbal Miró, véndese en la calle de Amargós, n. 6 piso 2°,$c[between 1846 and 1892?]
=300  \\$a1 online resource
=336  \\$atext$2rdacontent
=337  \\$acomputer$2rdamedia
=338  \\$aonline resources$2rdacarrier
=500  \\$aText printed in two columns.
=500  \\$aIn verse.
=500  \\$aTwo separate illustrations at head of title.
=500  \\$aCaption title.
=500  \\$aImprint from colophon.
=599  \\$aItem no. T39 in volume 12330.l.8.$5Uk
=533  \\$aElectronic Reproduction$bLondon$cBritish Library$d2012$nItem no. T39 in volume 12330.l.8.$5Uk
=650  \0$aFantasy.
=650  \4$aFantasía.
=655  \7$aChapbooks$zSpain.$2rbgenr
=752  \\$aSpain$dBarcelona.
=856  40$uhttp://cudl.lib.cam.ac.uk/view/PR-12330-L-00008-00039$yCambridge Digital Library
=859  \\$aXLD$bCambridge Digital Library
=CAT  \\$aWR14_159$b00$c20141016$lBLL01$h1656
=CAT  \\$aWR14_181$c20150323$lBLL01$h1403
=CAT  \\$aW1606-1753$c20171028$lBLL01$h1604
=SRC  \\$aBLWrongdoing
=LAS  \\$aW1606-1753$b00$c20171028$lBLL01$h1604

