=LDR  01583 am a2200433 a 4500
=001  016894852
=003  Uk
=005  20140602094756.0
=006  m\\\\||\\d\|\\\\\\
=007  cr\|||||||||||
=008  140218s1859\\\\sp\a\\\\o\\\\\000\0\cat\d
=FMT  \\$a  BK
=040  \\$aUkCU$beng$cUkCU$dUk
=245  03$aLo fill prodich :$bdiálogo espiritual entre lo fill y son pare.
=260  \\$aBarcelona :$bSe trobará de venta en casa Anton Bosch, carrer Baix de S. Pere, núm. 71,$c1859$f(Imp. Euterpe, de Antonio Bosch y J.A. Clavé, Ramalleras, 15)
=300  \\$a1 online resource
=336  \\$atext$2rdacontent
=337  \\$acomputer$2rdamedia
=338  \\$aonline resources$2rdacarrier
=500  \\$aText printed in two columns.
=500  \\$aIn verse.
=500  \\$aIllustration at head of title.
=500  \\$aCaption title.
=500  \\$aImprint from colophon.
=599  \\$aItem no. T42 in volume 12330.l.8.$5Uk
=533  \\$aElectronic Reproduction$bLondon$cBritish Library$d2012$nItem no. T42 in volume 12330.l.8.$5Uk
=650  \0$aFathers and sons.
=650  \0$aSin.
=650  \4$aPadres e hijos.
=650  \4$aPecado.
=655  \7$aChapbooks$zSpain.$2rbgenr
=752  \\$aSpain$dBarcelona.
=856  40$uhttp://cudl.lib.cam.ac.uk/view/PR-12330-L-00008-00042$yCambridge Digital Library
=859  \\$aXLD$bCambridge Digital Library
=CAT  \\$aWR14_159$b00$c20141016$lBLL01$h1656
=CAT  \\$aWR14_181$c20150323$lBLL01$h1403
=CAT  \\$aW1606-1753$c20171028$lBLL01$h1604
=SRC  \\$aBLWrongdoing
=LAS  \\$aW1606-1753$b00$c20171028$lBLL01$h1604

