=LDR  01958 am a2200457 a 4500
=001  016894855
=003  Uk
=005  20140602094253.0
=006  m\\\\||\\d\|\\\\\\
=007  cr\|||||||||||
=008  140218q17751859sp\a\\\\o\\\\\000\0\spa\\
=FMT  \\$a  BK
=040  \\$aUkCU$beng$cUkCU$dUk
=245  10$aVerdadera relacion de una lastimosa carta, que desde Argel la envió à su muger un soldado del regimiento de España llamado Francisco Hernandez, natural del Puerto de Santa Maria, en que se refieren los tormentos y martirios que padeció entre los moros :$by como por intercesion de la Virgen del Rosario se libró : con lo demás que verá el curioso.
=260  \\$a[S.l. :$bs.n.,$cbetween 1775 and 1859]
=300  \\$a1 online resource
=336  \\$atext$2rdacontent
=337  \\$acomputer$2rdamedia
=338  \\$aonline resources$2rdacarrier
=500  \\$aText printed in two columns.
=500  \\$aIn verse.
=500  \\$aTwo separate illustrations at head of title.
=500  \\$aCaption title.
=599  \\$aItem no. T46 in volume 12330.l.8.$5Uk
=533  \\$aElectronic Reproduction$bLondon$cBritish Library$d2012$nItem no. T46 in volume 12330.l.8.$5Uk
=650  \0$aChristianity and other religions$xIslam.
=650  \0$aIslam$xRelations$xChristianity
=650  \4$aCristianismo y otras religiones$xIslamismo.
=650  \4$aIslamismo$xRelaciones$xCristianismo.
=650  \4$aCautivos.
=650  \4$aSoldados.
=655  \7$aChapbooks$zSpain.$2rbgenr
=662  \\$aSpain$dEl Puerto de Santa María$2lcsh-naf
=662  \\$aAlgeria$dAlgiers$2lcsh-naf
=856  40$uhttp://cudl.lib.cam.ac.uk/view/PR-12330-L-00008-00046$yCambridge Digital Library
=859  \\$aXLD$bCambridge Digital Library
=CAT  \\$aWR14_159$b00$c20141016$lBLL01$h1656
=CAT  \\$aWR14_181$c20150323$lBLL01$h1403
=CAT  \\$aW1606-1753$c20171028$lBLL01$h1604
=SRC  \\$aBLWrongdoing
=LAS  \\$aW1606-1753$b00$c20171028$lBLL01$h1604

