=LDR  02206 am a2200541 a 4500
=001  016894858
=003  Uk
=005  20140602094444.0
=006  m\\\\||\\d\|\\\\\\
=007  cr\|||||||||||
=008  140218s1844\\\\sp\a\\\\o\\\\\000\0\spa\d
=FMT  \\$a  BK
=040  \\$aUkCU$beng$cUkCU$dUk
=245  00$aSebastiana del Castillo :$bNuevo y curioso romance en que se declaran las atrocidades de Sebastiana del Castillo : refiérese como mató á su padre, á su madre, y á dos hermanos suyos, porque la tuvieron encerrada mas de un año, guardándola de su amante, y el castigo que en ella se ejecutó en Ciudad Rodrigo : con lo demas que verá el curioso lector.
=246  30$aNuevo y curioso romance en que se declaran las atrocidades de Sebastiana del Castillo
=260  \\$aTortosa :$bImprenta de José Antonio Ferreres,$c1844.
=300  \\$a1 online resource
=336  \\$atext$2rdacontent
=337  \\$acomputer$2rdamedia
=338  \\$aonline resources$2rdacarrier
=500  \\$aText printed in two columns.
=500  \\$aIn verse.
=500  \\$aIllustration at head of title.
=500  \\$aCaption title.
=500  \\$aImprint from colophon.
=599  \\$aItem no. T51 in volume 12330.l.8.$5Uk
=533  \\$aElectronic Reproduction$bLondon$cBritish Library$d2012$nItem no. T51 in volume 12330.l.8.$5Uk
=650  \4$aSebastiana del Castillo (Fictitious character)
=650  \0$aAtrocities.
=650  \0$aFratricide.
=650  \0$aParricide.
=650  \0$aRevenge.
=650  \4$aAtrocidades.
=650  \4$aFratricidio.
=650  \4$aParricidio.
=650  \4$aVenganza.
=653  \1$aSebastiana del Castillo (Personaje ficticio)
=655  \7$aChapbooks$zSpain.$2rbgenr
=662  \\$aSpain$gSierra Morena$2lcsh-naf
=662  \\$aSpain$dCiudad-Rodrigo$2lcsh-naf
=752  \\$aSpain$dTortosa.
=856  40$uhttp://cudl.lib.cam.ac.uk/view/PR-12330-L-00008-00051$yCambridge Digital Library
=859  \\$aXLD$bCambridge Digital Library
=CAT  \\$aWR14_159$b00$c20141016$lBLL01$h1656
=CAT  \\$aWR14_181$c20150323$lBLL01$h1403
=CAT  \\$aW1606-1753$c20171028$lBLL01$h1604
=SRC  \\$aBLWrongdoing
=LAS  \\$aW1606-1753$b00$c20171028$lBLL01$h1604

