=LDR  02046 am a2200493 a 4500
=001  016894859
=003  Uk
=005  20140602094522.0
=006  m\\\\||\\d\|\\\\\\
=007  cr\|||||||||||
=008  140218s1860\\\\sp\a\\\\o\\\\\000\0\spa\d
=FMT  \\$a  BK
=040  \\$aUkCU$beng$cUkCU$dUk
=245  00$aRendicion de Capua y triunfal entrada de S. M. el Rey Victor Manuel y el general Garibaldi en la ciudad de Nápoles el dia 7 de noviembre del presente año, en medio de la mas entusiasta alegria.
=246  30$aS. M. el Rey Victor Manuel y el general Garibaldi
=260  \\$aBarcelona :$bEn casa Juan Llorens, calle de la Palma de Sta. Catalina,$c1860$f(Imp. de José Tauló, Cirés, n. 5)
=300  \\$a1 online resource
=336  \\$atext$2rdacontent
=337  \\$acomputer$2rdamedia
=338  \\$aonline resources$2rdacarrier
=500  \\$aText printed in two columns.
=500  \\$aIn verse.
=500  \\$aIllustration at head of title.
=500  \\$aCaption title.
=500  \\$aImprint from colophon.
=500  \\$a"Himno de los cazadores de Garibaldi": p. [4].
=599  \\$aItem no. T52 in volume12330.l.8.$5Uk
=533  \\$aElectronic Reproduction$bLondon$cBritish Library$d2012$nItem no. T52 in volume12330.l.8.$5Uk
=600  00$aVictor Emmanuel$bII,$cKing of Italy,$d1820-1878.
=650  \0$aGaribaldi, Giuseppe,$d1807-1882.
=653  \1$aVictor Manuel II, Rey de Italia, 1820-1878.
=655  \7$aChapbooks$zSpain.$2rbgenr
=662  \\$aItaly$dNaples$2lcsh-naf
=662  \\$aItaly$dCapua$2lcsh-naf
=740  02$aHimno de los cazadores de Garibaldi.
=752  \\$aSpain$dBarcelona.
=856  40$uhttp://cudl.lib.cam.ac.uk/view/PR-12330-L-00008-00052$yCambridge Digital Library
=859  \\$aXLD$bCambridge Digital Library
=CAT  \\$aWR14_159$b00$c20141016$lBLL01$h1656
=CAT  \\$aBATCH-UPD$b00$c20141016$lBLL01$h1712
=CAT  \\$aWR14_181$c20150323$lBLL01$h1403
=CAT  \\$aW1606-1753$c20171028$lBLL01$h1604
=SRC  \\$aBLWrongdoing
=LAS  \\$aW1606-1753$b00$c20171028$lBLL01$h1604

