=LDR  01996 am a2200493 a 4500
=001  016894860
=003  Uk
=005  20140602094842.0
=006  m\\\\||\\d\|\\\\\\
=007  cr\|||||||||||
=008  140218s1847\\\\sp\a\\\\o\\\\\000\0\spa\d
=FMT  \\$a  BK
=040  \\$aUkCU$beng$cUkCU$dUk
=245  00$aEl maltés en Madrid :$bPrimera parte, en la que se da cuenta y declara una prision que hizo un tribunal en la corte de Madrid, de tres hombres y dos mugeres que habian dado muerte á muchas personas, de las cuales algunas se hallaron en sal, y otras consumidas : y como se descubrió por un caballero maltés, con quien querian ejecutar lo mismo : con todo lo demas que verá el curioso lector.
=260  \\$aReus :$bImp. y lib. de Juan Bautista Vidal, en la plazuela de la Iglesia,$cAño 1847.
=300  \\$a1 online resource
=336  \\$atext$2rdacontent
=337  \\$acomputer$2rdamedia
=338  \\$aonline resources$2rdacarrier
=500  \\$aText printed in two columns.
=500  \\$aIn verse.
=500  \\$aIllustration incorporated within title.
=500  \\$aCaption title.
=500  \\$aImprint from colophon.
=500  \\$a"Núm. 6."
=500  \\$aIn two parts.
=599  \\$aItem no. T53 in volume 12330.l.8.$5Uk
=533  \\$aElectronic Reproduction$bLondon$cBritish Library$d2012$nItem no. T53 in volume 12330.l.8.$5Uk
=650  \0$aMurder.
=650  \0$aInquisition.
=650  \0$aHeresy.
=650  \4$aAsesinato.
=650  \4$aInquisición.
=650  \4$aHerejía.
=655  \7$aChapbooks$zSpain.$2rbgenr
=662  \\$aSpain$dMadrid$2lcsh-naf
=752  \\$aSpain$dReus.
=856  40$uhttp://cudl.lib.cam.ac.uk/view/PR-12330-L-00008-00053$yCambridge Digital Library
=859  \\$aXLD$bCambridge Digital Library
=CAT  \\$aWR14_159$b00$c20141016$lBLL01$h1656
=CAT  \\$aWR14_181$c20150323$lBLL01$h1403
=CAT  \\$aW1606-1753$c20171028$lBLL01$h1604
=SRC  \\$aBLWrongdoing
=LAS  \\$aW1606-1753$b00$c20171028$lBLL01$h1604

