=LDR  02021 am a2200481 a 4500
=001  016894861
=003  Uk
=005  20140602094419.0
=006  m\\\\||\\d\|\\\\\\
=007  cr\|||||||||||
=008  140218s1845\\\\sp\a\\\\o\\\\\000\0\spa\\
=FMT  \\$a  BK
=040  \\$aUkCU$beng$cUkCU$dUk
=245  00$aTriste y sensible relacion en la que se da cuenta de la sentencia ejecutada en Barcelona el dia 27 de setiembre de 1845, en las personas de doce bandidos que fueron pasados por las armas, siendo uno de ellos hermano de otros tres que fusilaron en San Andrés de la Barca, á principios del mismo mes, por haber robado la Diligencia, con otras particularidades que verá el curioso lector.
=260  \\$aBarcelona :$bImprenta de Benito Espona, calle Condal, n.° 28,$cAño 1845.
=300  \\$a1 online resource
=336  \\$atext$2rdacontent
=337  \\$acomputer$2rdamedia
=338  \\$aonline resources$2rdacarrier
=500  \\$aText printed in two columns.
=500  \\$aIllustration at head of title.
=500  \\$aIn verse.
=500  \\$aCaption title.
=500  \\$aImprint from colophon.
=599  \\$aItem no. T54 in volume 12330.l.8.$5Uk
=533  \\$aElectronic Reproduction$bLondon$cBritish Library$d2012$nItem no. T54 in volume 12330.l.8.$5Uk
=650  \0$aBrigands and robbers.
=650  \0$aCriminals.
=650  \0$aExecutions and executioners.
=650  \4$aBandoleros.
=650  \4$aDelincuentes.
=650  \4$aEjecuciones y verdugos.
=655  \7$aChapbooks$zSpain.$2rbgenr
=662  \\$aSpain$dBarcelona$2lcsh-naf
=662  \\$aSpain$dSan Andrés de la Barca$2lcsh-naf
=752  \\$aSpain$dBarcelona.
=856  40$uhttp://cudl.lib.cam.ac.uk/view/PR-12330-L-00008-00054$yCambridge Digital Library
=859  \\$aXLD$bCambridge Digital Library
=CAT  \\$aWR14_159$b00$c20141016$lBLL01$h1656
=CAT  \\$aWR14_181$c20150323$lBLL01$h1403
=CAT  \\$aW1606-1753$c20171028$lBLL01$h1604
=SRC  \\$aBLWrongdoing
=LAS  \\$aW1606-1753$b00$c20171028$lBLL01$h1604

