=LDR  01837 am a2200469 a 4500
=001  016894862
=003  Uk
=005  20140602094528.0
=006  m\\\\||\\d\|\\\\\\
=007  cr\|||||||||||
=008  140218s1862\\\\sp\a\\\\o\\\\\000\0\spa\\
=FMT  \\$a  BK
=040  \\$aUkCU$beng$cUkCU$dUk
=043  \\$ae-sp---
=245  00$aRelacion veridica de la gran catástrofe por la inundacion de la ciudad de Barcelona, ocurrida en la mañana del dia 15 de setiembre de 1862.
=260  \\$aBarcelona :$bSe halla de venta en casa de Antonio Bosch, calle del Bou de la plaza Nueva, núm. 3,$c1862$f(Impr. de Narciso Ramirez, calle de Escudillers, 40, piso principal)
=300  \\$a1 online resource
=336  \\$atext$2rdacontent
=337  \\$acomputer$2rdamedia
=338  \\$aonline resources$2rdacarrier
=500  \\$aText printed in two columns.
=500  \\$aIllustration at head of title.
=500  \\$aIn verse.
=500  \\$aCaption title.
=500  \\$aImprint from colophon.
=500  \\$aPrinted on coloured paper.
=599  \\$aItem no. T55 in volume12330.l.8.$5Uk
=533  \\$aElectronic Reproduction$bLondon$cBritish Library$d2012$nItem no. T55 in volume12330.l.8.$5Uk
=650  \0$aNatural disasters$zSpain$zBarcelona.
=650  \0$aFloods.
=650  \4$aDesastres naturales$zEspaña$zBarcelona.
=650  \4$aInundaciones.
=655  \7$aChapbooks$zSpain.$2rbgenr
=662  \\$aSpain$dBarcelona$2lcsh-naf
=752  \\$aSpain$dBarcelona.
=856  40$uhttp://cudl.lib.cam.ac.uk/view/PR-12330-L-00008-00055$yCambridge Digital Library
=859  \\$aXLD$bCambridge Digital Library
=CAT  \\$aWR14_159$b00$c20141016$lBLL01$h1656
=CAT  \\$aWR14_181$c20150323$lBLL01$h1403
=CAT  \\$aW1606-1753$c20171028$lBLL01$h1604
=SRC  \\$aBLWrongdoing
=LAS  \\$aW1606-1753$b00$c20171028$lBLL01$h1604

