=LDR  01735 am a2200433 a 4500
=001  016894863
=003  Uk
=005  20140602094545.0
=006  m\\\\||\\d\|\\\\\\
=007  cr\|||||||||||
=008  140218s1862\\\\sp\a\\\\o\\\\\000\0\cat\d
=FMT  \\$a  BK
=040  \\$aUkCU$beng$cUkCU$dUk
=245  00$aProfesía que fa lo docto Xiula del carnaval de Barcelona per lo any 1862.
=260  \\$aBarcelona :$bSe halla de venta en casa Antonio Bosch, calle del Bou de la plaza Nueva, núm. 3,$c1862$f(Imprenta de Narciso Ramirez, calle de Escudillers, núm. 40, piso principal)
=300  \\$a1 online resource
=336  \\$atext$2rdacontent
=337  \\$acomputer$2rdamedia
=338  \\$aonline resources$2rdacarrier
=500  \\$aText printed in two columns.
=500  \\$aIn verse.
=500  \\$aIllustration at head of title.
=500  \\$aCaption title.
=500  \\$aImprint from colophon.
=500  \\$a"Consells prudens y saludables de don Xerapi Paparruga, parent de Carnestoltes": p. [3-4].
=599  \\$aItem no. T56 in volume 12330.l.8.$5Uk
=533  \\$aElectronic Reproduction$bLondon$cBritish Library$d2012$nItem no. T56 in volume 12330.l.8.$5Uk
=650  \0$aCarnival.
=650  \4$aCarnavales.
=655  \7$aChapbooks$zSpain.$2rbgenr
=740  02$aConsells prudens y saludables de don Xerapi Paparruga.
=752  \\$aSpain$dBarcelona.
=856  40$uhttp://cudl.lib.cam.ac.uk/view/PR-12330-L-00008-00056$yCambridge Digital Library
=859  \\$aXLD$bCambridge Digital Library
=CAT  \\$aWR14_159$b00$c20141016$lBLL01$h1656
=CAT  \\$aWR14_181$c20150323$lBLL01$h1403
=CAT  \\$aW1606-1753$c20171028$lBLL01$h1604
=SRC  \\$aBLWrongdoing
=LAS  \\$aW1606-1753$b00$c20171028$lBLL01$h1604

