=LDR  01692 am a2200433 a 4500
=001  016894864
=003  Uk
=005  20140602094737.0
=006  m\\\\||\\d\|\\\\\\
=007  cr\|||||||||||
=008  140221s1845\\\\sp\a\\\\o\\\\\000\0\spa\d
=FMT  \\$a  BK
=040  \\$aUkCU$beng$cUkCU$dUk
=245  00$aHorrorosos asesinatos cometidos en el principado de Cataluña :$bel uno en el partido de Falset en el lugar de Pratdip la noche del 11 al 12 de octubre, y el otro en Barcelona la noche del 25 del mismo mes de este año 1845.
=260  \\$aBarcelona :$bImprenta de Benito Espona, calle Condal, n.° 28,$cAño 1845.
=300  \\$a1 online resource
=336  \\$atext$2rdacontent
=337  \\$acomputer$2rdamedia
=338  \\$aonline resources$2rdacarrier
=500  \\$aText printed in two columns.
=500  \\$aIn verse.
=500  \\$aTwo separate illustrations at head of title.
=500  \\$aCaption title.
=500  \\$aImprint from colophon.
=500  \\$aIn two parts.
=599  \\$aItem no. T57 in volume 12330.l.8.$5Uk
=533  \\$aElectronic Reproduction$bLondon$cBritish Library$d2012$nItem no. T57 in volume 12330.l.8.$5Uk
=650  \0$aAssassination.
=650  \4$aAsesinato.
=655  \7$aChapbooks$zSpain.$2rbgenr
=662  \\$aSpain$dCatalonia$2lcsh-naf
=752  \\$aSpain$dBarcelona.
=856  40$uhttp://cudl.lib.cam.ac.uk/view/PR-12330-L-00008-00057$yCambridge Digital Library
=859  \\$aXLD$bCambridge Digital Library
=CAT  \\$aWR14_159$b00$c20141016$lBLL01$h1656
=CAT  \\$aWR14_181$c20150323$lBLL01$h1403
=CAT  \\$aW1606-1753$c20171028$lBLL01$h1604
=SRC  \\$aBLWrongdoing
=LAS  \\$aW1606-1753$b00$c20171028$lBLL01$h1604

