=LDR  02063 am a2200457 a 4500
=001  016894866
=003  Uk
=005  20140602094808.0
=006  m\\\\||\\d\|\\\\\\
=007  cr\|||||||||||
=008  140221s1860\\\\sp\a\\\\o\\\\\000\0\spa\d
=FMT  \\$a  BK
=040  \\$aUkCU$beng$cUkCU$dUk
=245  03$aLa fiera malvada :$bRelacion del horroroso caso que sucedió al pais de Jerusalen de los estragos que hizo una fiera llamada animal silvestre, cuya forma era como la presente lámina por la cual toda la gente estaba temorizada al ver que se perdian muchas personas y de toda clase de animales : y por último se descubrió como lo demás que leerá el curioso lector.
=246  30$aRelacion del horroroso caso que sucedió al pais de Jerusalen de los estragos que hizo una fiera llamada animal silvestre
=246  1\$aAnimal silvestre
=260  \\$a[Barcelona] :$bSe halla de venta en casa Antonio Bosch, calle baja de San Pedro, núm. 71,$c1860$f(Imprenta de A. Bosch y compañía, Ramalleras, 15)
=300  \\$a1 online resource
=336  \\$atext$2rdacontent
=337  \\$acomputer$2rdamedia
=338  \\$aonline resources$2rdacarrier
=500  \\$aText printed in two columns.
=500  \\$aIn verse.
=500  \\$aIllustration at head of title.
=500  \\$aCaption title.
=500  \\$aImprint from colophon.
=599  \\$aItem no. T60 in volume 12330.l.8.$5Uk
=533  \\$aElectronic Reproduction$bLondon$cBritish Library$d2012$nItem no. T60 in volume 12330.l.8.$5Uk
=650  \0$aAtrocities.
=650  \4$aAtrocidades.
=650  \4$aMonstruos.
=655  \7$aChapbooks$zSpain.$2rbgenr
=662  \\$aJerusalem$2lcsh-naf
=752  \\$aSpain$dBarcelona.
=856  40$uhttp://cudl.lib.cam.ac.uk/view/PR-12330-L-00008-00060$yCambridge Digital Library
=859  \\$aXLD$bCambridge Digital Library
=CAT  \\$aWR14_159$b00$c20141016$lBLL01$h1656
=CAT  \\$aWR14_181$c20150323$lBLL01$h1403
=CAT  \\$aW1606-1753$c20171028$lBLL01$h1604
=SRC  \\$aBLWrongdoing
=LAS  \\$aW1606-1753$b00$c20171028$lBLL01$h1604

