=LDR  01673 am a2200421 a 4500
=001  016894867
=003  Uk
=005  20140602094903.0
=006  m\\\\||\\d\|\\\\\\
=007  cr\|||||||||||
=008  140221s1863\\\\sp\a\\\\o\\\\\000\0\cat\d
=FMT  \\$a  BK
=040  \\$aUkCU$beng$cUkCU$dUk
=245  00$aCurios y verdader romance ab lo cual se fa veura los estragos que va causá un cargol tres dias antes del Diluvi universal en aquet principat de Catalunya.
=260  \\$aBarcelona :$bSe halla de venta en casa de Anton Bosch, carrer del Bou de la plasa Nova, núm. 3,$c1863$f(Imprenta de Jacinto Sanchez, carrer del Consulat, núm. 7, pis 1.°)
=300  \\$a1 online resource
=336  \\$atext$2rdacontent
=337  \\$acomputer$2rdamedia
=338  \\$aonline resources$2rdacarrier
=500  \\$aText printed in three columns.
=500  \\$aIn verse.
=500  \\$aIllustration at head of title.
=500  \\$aCaption title.
=500  \\$aImprint from colophon.
=599  \\$aItem no. T61 in volume 12330.l.8.$5Uk
=533  \\$aElectronic Reproduction$bLondon$cBritish Library$d2012$nItem no. T61 in volume 12330.l.8.$5Uk
=650  \0$aSnails.
=650  \4$aCaracoles.
=655  \7$aChapbooks$zSpain.$2rbgenr
=662  \\$aSpain$dCatalonia$2lcsh-naf
=752  \\$aSpain$dBarcelona.
=856  40$uhttp://cudl.lib.cam.ac.uk/view/PR-12330-L-00008-00061$yCambridge Digital Library
=859  \\$aXLD$bCambridge Digital Library
=CAT  \\$aWR14_159$b00$c20141016$lBLL01$h1656
=CAT  \\$aWR14_181$c20150323$lBLL01$h1403
=CAT  \\$aW1606-1753$c20171028$lBLL01$h1604
=SRC  \\$aBLWrongdoing
=LAS  \\$aW1606-1753$b00$c20171028$lBLL01$h1604

