=LDR  01793 am a2200493 a 4500
=001  016894868
=003  Uk
=005  20150225124117.0
=006  m\\\\||\\d\|\\\\\\
=007  cr\|||||||||||
=008  140221s1863\\\\sp\a\\\\o\\\\\000\0\spa\d
=FMT  \\$a  BK
=040  \\$aUkCU$beng$cUkCU$dUk
=245  03$aEl cantor de los amores :$b¡el angel del cielo!
=246  30$a¡Angel del cielo!
=260  \\$aBarcelona:$bImprenta de Magriñá y Subirana, Ferlandina, 47,$c1863.
=300  \\$a1 online resource
=336  \\$atext$2rdacontent
=337  \\$acomputer$2rdamedia
=338  \\$aonline resources$2rdacarrier
=500  \\$aText printed in two columns.
=500  \\$aIn verse.
=500  \\$aIllustration incorporated within title; additional illustration at head of p. [2].
=500  \\$aCaption title.
=500  \\$aImprint from colophon.
=500  \\$a"N.° 5 ."
=500  \\$a"La boda, pastorel-la catalana": p. [2].
=500  \\$a"Á una terca dita Bárbara": p. [2].
=599  \\$aItem no. T62 in volume 12330.l.8.$5Uk
=533  \\$aElectronic Reproduction$bLondon$cBritish Library$d2012$nItem no. T62 in volume 12330.l.8.$5Uk
=650  \0$aSongs, Spanish$vTexts.
=653  \0$aCanciones españolas--Textos.
=655  \7$aChapbooks$zSpain.$2rbgenr
=740  02$aBoda.
=740  02$aÁ una terca dita Bárbara.
=752  \\$aSpain$dBarcelona.
=856  40$uhttp://cudl.lib.cam.ac.uk/view/PR-12330-L-00008-00062$yCambridge Digital Library
=859  \\$aXLD$bCambridge Digital Library
=CAT  \\$aWR14_159$b00$c20141016$lBLL01$h1656
=CAT  \\$a2833$b40$c20150225$lBLL01$h1241
=CAT  \\$aWR14_181$c20150323$lBLL01$h1403
=CAT  \\$aW1606-1753$c20171028$lBLL01$h1604
=SRC  \\$aBLWrongdoing
=LAS  \\$aW1606-1753$b00$c20171028$lBLL01$h1604

