=LDR  01724 am a2200457 a 4500
=001  016894869
=003  Uk
=005  20140602094651.0
=006  m\\\\||\\d\|\\\\\\
=007  cr\|||||||||||
=008  140221s1861\\\\sp\a\\\\o\\\\\000\0\spa\d
=FMT  \\$a  BK
=040  \\$aUkCU$beng$cUkCU$dUk
=245  04$aLas mujeres en el infierno piden a Luzbel que las admita por verse aborrecidas.
=260  \\$aBarcelona :$bSe halla de venta en casa de Antonio Bosch, calle del Bou de la plaza Nueva, n.° 3,$c1861$f(Imp. de Narciso Ramirez, calle de Escudillers, núm. 40, piso principal)
=300  \\$a1 online resource
=336  \\$atext$2rdacontent
=337  \\$acomputer$2rdamedia
=338  \\$aonline resources$2rdacarrier
=500  \\$aText printed in two columns.
=500  \\$aIn verse.
=500  \\$aIllustration at head of title.
=500  \\$aCaption title.
=500  \\$aImprint from colophon.
=500  \\$a"Luzbel desecha las mujeres del infierno": p. [2].
=599  \\$aItem no. T63 in volume 12330.l.8.$5Uk
=533  \\$aElectronic Reproduction$bLondon$cBritish Library$d2012$nItem no. T63 in volume 12330.l.8.$5Uk
=650  \0$aWomen.
=650  \4$aMujeres.
=650  \0$aHell.
=650  \4$aInfierno.
=655  \7$aChapbooks$zSpain.$2rbgenr
=740  0\$aLuzbel desecha las mujeres del infierno.
=752  \\$aSpain$dBarcelona.
=856  40$uhttp://cudl.lib.cam.ac.uk/view/PR-12330-L-00008-00063$yCambridge Digital Library
=859  \\$aXLD$bCambridge Digital Library
=CAT  \\$aWR14_159$b00$c20141016$lBLL01$h1656
=CAT  \\$aWR14_181$c20150323$lBLL01$h1403
=CAT  \\$aW1606-1753$c20171028$lBLL01$h1604
=SRC  \\$aBLWrongdoing
=LAS  \\$aW1606-1753$b00$c20171028$lBLL01$h1604

