=LDR  01695 am a2200409 a 4500
=001  016894870
=003  Uk
=005  20140602094745.0
=006  m\\\\||\\d\|\\\\\\
=007  cr\|||||||||||
=008  140221s1852\\\\sp\a\\\\o\\\\\000\0\spa\\
=FMT  \\$a  BK
=040  \\$aUkCU$beng$cUkCU$dUk
=100  10$aSantisteban, Gómez de.
=245  10$aHistoria del infante D. Pedro de Portugal en la que se refiere lo que le sucedió en el viaje que hizo cuando anduvo las cinco partes del mundo /$cescrita por Gomez de Santisteban, uno de los doce que llevó en su compañía.
=246  3\$aHistoria del infante Don Pedro de Portugal
=260  \\$aReus :$bImprenta y librería de Juan Bautista Vidal, calle Mayor,$c1852.
=300  \\$a1 online resource
=336  \\$atext$2rdacontent
=337  \\$acomputer$2rdamedia
=338  \\$aonline resources$2rdacarrier
=500  \\$aIn prose.
=500  \\$aIllustration at head of title.
=599  \\$aItem no. T64 in volume 12330.l.8.$5Uk
=533  \\$aElectronic Reproduction$bLondon$cBritish Library$d2012$nItem no. T64 in volume 12330.l.8.$5Uk
=600  00$aPedro,$cInfante of Portugal,$d1392-1449.
=653  1\$aPedro, Infante de Portugal, m 1392-1449.
=655  \7$aChapbooks$zSpain.$2rbgenr
=752  \\$aSpain$dReus.
=856  40$uhttp://cudl.lib.cam.ac.uk/view/PR-12330-L-00008-00064$yCambridge Digital Library
=859  \\$aXLD$bCambridge Digital Library
=CAT  \\$aWR14_159$b00$c20141016$lBLL01$h1656
=CAT  \\$aBATCH-UPD$b00$c20141016$lBLL01$h1712
=CAT  \\$aWR14_181$c20150323$lBLL01$h1403
=CAT  \\$aW1606-1753$c20171028$lBLL01$h1604
=SRC  \\$aBLWrongdoing
=LAS  \\$aW1606-1753$b00$c20171028$lBLL01$h1604

