=LDR  01787 am a2200481 a 4500
=001  016894871
=003  Uk
=005  20140602094751.0
=006  m\\\\||\\d\|\\\\\\
=007  cr\|||||||||||
=008  140221s1852\\\\sp\a\\\\o\\\\\000\0\spa\d
=FMT  \\$a  BK
=040  \\$aUkCU$beng$cUkCU$dUk
=245  00$aHistoria del esforzado caballero Pierres de Provenza y la hermosa Magalona.
=246  3\$aPierres de Provenza y la hermosa Magalona
=246  17$aHistoria de Pierres y Magalona
=260  \\$aReus :$bImprenta y librería de Juan Bautista Vidal, en la plazuela de la iglesia,$c1852.
=300  \\$a1 online resource
=336  \\$atext$2rdacontent
=337  \\$acomputer$2rdamedia
=338  \\$aonline resources$2rdacarrier
=500  \\$aText printed in two columns.
=500  \\$aIllustration at head of title.
=500  \\$aIn prose.
=500  \\$aCaption title.
=500  \\$a"Lista de las demas historias que se hallan de venta en la misma imprenta": p. 23-[24].
=599  \\$aItem no. T65 in volume 12330.l.8.$5Uk
=533  \\$aElectronic Reproduction$bLondon$cBritish Library$d2012$nItem no. T65 in volume 12330.l.8.$5Uk
=650  \0$aTournaments.
=650  \4$aTorneos.
=650  \4$aPrincesas.
=650  \4$aCaballeros.
=655  \7$aChapbooks$zSpain.$2rbgenr
=662  \\$aFrance$gProvence$2lcsh-naf
=730  0\$aPierre de Provence et la belle Maguelonne.
=752  \\$aSpain$dReus.
=856  40$uhttp://cudl.lib.cam.ac.uk/view/PR-12330-L-00008-00065$yCambridge Digital Library
=859  \\$aXLD$bCambridge Digital Library
=CAT  \\$aWR14_159$b00$c20141016$lBLL01$h1656
=CAT  \\$aWR14_181$c20150323$lBLL01$h1403
=CAT  \\$aW1606-1753$c20171028$lBLL01$h1604
=SRC  \\$aBLWrongdoing
=LAS  \\$aW1606-1753$b00$c20171028$lBLL01$h1604

