=LDR  02189 am a2200469 a 4500
=001  016894874
=003  Uk
=005  20140602102706.0
=006  m\\\\||\\d\|\\\\\\
=007  cr\|||||||||||
=008  140221s1833\\\\sp\a\\\\o\\\\\000\0\spa\\
=FMT  \\$a  BK
=040  \\$aUkCU$beng$cUkCU$dUk
=245  00$aCancion nueva en obsequio de los reyes nuestros señores y de la serenísima Sra. Infanta primogénita, Da. Maria Isabel Luisa de Borbon, jurada princesa hereditaria de estos reinos, á falta de varon :$ben esta cancion se refieren los principales acontecimientos que hemos presenciado desde la última enfermedad del Rey Nuestro Señor, hasta el momento de la jura Real de dicha serenísima princesa : con todo lo demas que verá el curioso lector.
=260  \\$aCon licencia, Barcelona :$bEn la Imprenta de Ignacio Estivill, calle de la Boria,$cJunio 22 de 1833.
=300  \\$a1 online resource
=336  \\$atext$2rdacontent
=337  \\$acomputer$2rdamedia
=338  \\$aonline resources$2rdacarrier
=500  \\$aText printed in two columns.
=500  \\$aIllustration at head of title.
=500  \\$aIn verse.
=500  \\$aCaption title.
=500  \\$aImprint from colophon.
=599  \\$aItem no. T3 in volume 12330_l_22_v5.$5Uk
=533  \\$aElectronic Reproduction$bLondon$cBritish Library$d2012$nItem no. T3 in volume 12330_l_22_v5.$5Uk
=600  00$aIsabella$bII,$cQueen of Spain,$d1830-1904.
=600  04$aIsabel,$bII,$cReina de España,$d1830-1904.
=650  \0$aSongs, Spanish$vTexts.
=653  \0$aCanciones españolas--Textos.
=655  \7$aChapbooks$zSpain.$2rbgenr
=662  \\$aSpain$2lcsh-naf
=700  1\$aEstivill, Ignacio,$dactive 1816-1852$cactive 1816-1852,$eprinter.$5Uk
=752  \\$aSpain$dBarcelona.
=856  40$uhttp://cudl.lib.cam.ac.uk/view/PR-12330-L-00022-V5-00003$yCambridge Digital Library
=859  \\$aXLD$bCambridge Digital Library
=CAT  \\$aWR14_159$b00$c20141016$lBLL01$h1656
=CAT  \\$aBATCH-UPD$b00$c20141016$lBLL01$h1712
=CAT  \\$aWR14_181$c20150323$lBLL01$h1403
=CAT  \\$aW1606-1753$c20171028$lBLL01$h1604
=SRC  \\$aBLWrongdoing
=LAS  \\$aW1606-1753$b00$c20171028$lBLL01$h1604

