=LDR  01779 am a2200433 a 4500
=001  016894875
=003  Uk
=005  20140221164304.0
=006  m\\\\||\\d\|\\\\\\
=007  cr\|||||||||||
=008  140221s1833\\\\sp\a\\\\o\\\\\000\0\spa\d
=FMT  \\$a  BK
=040  \\$aUkCU$beng$cUkCU$dUk
=245  00$aCanciones nuevas en honor de nuestros augustos soberanos el señor Don Fernando Séptimo y Doña María Cristina :$by de su primogénita la serenísima princesa Doña María Isabel, heredera del trono de España.
=260  \\$aCon licencia, reimpreso en Barcelona :$bPor B. Espona, véndese en la librería de Lluch, calle de la Libretería,$c1833.
=300  \\$a1 online resource
=336  \\$atext$2rdacontent
=337  \\$acomputer$2rdamedia
=338  \\$aonline resources$2rdacarrier
=500  \\$aText printed in one or two columns.
=500  \\$aIn verse.
=500  \\$aIllustration at head of title.
=500  \\$aCaption title.
=500  \\$aImprint from colophon.
=599  \\$aItem no. T4 in volume 12330_l_22_v5.$5Uk
=533  \\$aElectronic Reproduction$bLondon$cBritish Library$d2012$nItem no. T4 in volume 12330_l_22_v5.$5Uk
=650  \0$aSpain$xKings and rulers.
=650  \0$aSongs, Spanish$vTexts.
=651  \4$aEspaña$xReyes y soberanos.
=653  \0$aCanciones españolas--Textos.
=655  \7$aChapbooks$zSpain.$2rbgenr
=752  \\$aSpain$dBarcelona.
=856  40$uhttp://cudl.lib.cam.ac.uk/view/PR-12330-L-00022-V5-00004$yCambridge Digital Library
=859  \\$aXLD$bCambridge Digital Library
=CAT  \\$aWR14_159$b00$c20141016$lBLL01$h1656
=CAT  \\$aWR14_181$c20150323$lBLL01$h1403
=CAT  \\$aW1606-1753$c20171028$lBLL01$h1604
=SRC  \\$aBLWrongdoing
=LAS  \\$aW1606-1753$b00$c20171028$lBLL01$h1604

