=LDR  01542 am a2200433 a 4500
=001  016894880
=003  Uk
=005  20140221171430.0
=006  m\\\\||\\d\|\\\\\\
=007  cr\|||||||||||
=008  140221s1849\\\\sp\a\\\\o\\\\\000\0\spa\d
=FMT  \\$a  BK
=040  \\$aUkCU$beng$cUkCU$dUk
=245  00$aTestamento de Napoleon :$botorgado en el mayor apuro de sus desgracias.
=260  \\$aReimpreso en Carmona :$bImprenta y librería de D.J.M. Moreno,$cAño 1849.
=300  \\$a1 online resource
=336  \\$atext$2rdacontent
=337  \\$acomputer$2rdamedia
=338  \\$aonline resources$2rdacarrier
=500  \\$aText printed in two columns.
=500  \\$aIn verse.
=500  \\$aIllustration at head of title.
=500  \\$aCaption title.
=500  \\$aImprint from colophon.
=500  \\$a"(Núm. 14.)"
=599  \\$aItem no. T10 in volume 12330_l_22_v5.$5Uk
=533  \\$aElectronic Reproduction$bLondon$cBritish Library$d2012$nItem no. T10 in volume 12330_l_22_v5.$5Uk
=650  \0$aBonaparte, Napoleon,$d1769-1821.
=650  \0$aWills.
=650  \4$aTestamentos
=655  \7$aChapbooks$zSpain.$2rbgenr
=752  \\$aSpain$dCarmona (Seville)
=856  40$uhttp://cudl.lib.cam.ac.uk/view/PR-12330-L-00022-V5-00010$yCambridge Digital Library
=859  \\$aXLD$bCambridge Digital Library
=CAT  \\$aWR14_159$b00$c20141016$lBLL01$h1656
=CAT  \\$aWR14_181$c20150323$lBLL01$h1403
=CAT  \\$aW1606-1753$c20171028$lBLL01$h1604
=SRC  \\$aBLWrongdoing
=LAS  \\$aW1606-1753$b00$c20171028$lBLL01$h1604

