=LDR  01565 am a2200457 a 4500
=001  016894882
=003  Uk
=005  20140227120823.0
=006  m\\\\||\\d\|\\\\\\
=007  cr\|||||||||||
=008  140227s1858\\\\sp\a\\\\o\\\\\000\0\spa\d
=FMT  \\$a  BK
=040  \\$aUkCU$beng$cUkCU$dUk
=245  00$aRelacion El purgatorio de San Patricio.
=246  1\$aPurgatorio de San Patricio
=260  \\$aCarmona :$bImp. de José Ma. Moreno,$c1858.
=300  \\$a1 online resource
=336  \\$atext$2rdacontent
=337  \\$acomputer$2rdamedia
=338  \\$aonline resources$2rdacarrier
=500  \\$aText printed in two columns.
=500  \\$aIn verse.
=500  \\$aIllustration at head of title.
=500  \\$aCaption title.
=500  \\$aImprint from colophon.
=500  \\$a"(Número 323.)"
=599  \\$aItem no. T13 in volume 12330_l_22_v5.$5Uk
=533  \\$aElectronic Reproduction$bLondon$cBritish Library$d2012$nItem no. T13 in volume 12330_l_22_v5.$5Uk
=650  \0$aCarmona (Seville, Spain)
=650  \0$aMurderers.
=650  \0$aRepentance$xChristianity.
=650  \4$aAsesinos.
=650  \4$aArrepentimiento$xCristianismo.
=752  \\$aSpain$dCarmona (Seville)
=856  40$uhttp://cudl.lib.cam.ac.uk/view/PR-12330-L-00022-V5-00013$yCambridge Digital Library
=859  \\$aXLD$bCambridge Digital Library
=CAT  \\$aWR14_159$b00$c20141016$lBLL01$h1656
=CAT  \\$aWR14_181$c20150323$lBLL01$h1403
=CAT  \\$aW1606-1753$c20171028$lBLL01$h1604
=SRC  \\$aBLWrongdoing
=LAS  \\$aW1606-1753$b00$c20171028$lBLL01$h1604

