=LDR  02256 am a2200481 a 4500
=001  016894883
=003  Uk
=005  20140227121815.0
=006  m\\\\||\\d\|\\\\\\
=007  cr\|||||||||||
=008  140227s1859\\\\sp\a\\\\o\\\\\000\0\spa\d
=FMT  \\$a  BK
=040  \\$aUkCU$beng$cUkCU$dUk
=245  00$aMilagro que ha obrado el glorioso San Antonio de Padua en los montes de Toledo el dia 5 de agosto de 1859 con cuatro ladrones que han habitado dos años con cuatro demonios en una cueva como si fueran sus mugeres :$by como bajó el glorioso S. Antonio en figura de pobre para salvar aquellas almas que se veian sumergidas y entregadas al enemigo, librándonos de una mala lengua, de un falso testigo, una mala compañía y de malas tentaciones del enemigo, y como se manifiesta de la manera que se han dejado engañar, con lo demás que verá el curioso lector.
=260  \\$aBarcelona :$bPor José Torras, reimpreso en la Imp. de S. Pedro á cargo de Miguel Borrás,$cAño 1859.
=300  \\$a1 online resource
=336  \\$atext$2rdacontent
=337  \\$acomputer$2rdamedia
=338  \\$aonline resources$2rdacarrier
=500  \\$aText printed in two columns.
=500  \\$aIn verse.
=500  \\$aIllustration at head of title.
=500  \\$aCaption title.
=500  \\$aImprint from colophon.
=500  \\$aIn two parts.
=599  \\$aItem no. T14 in volume 12330_l_22_v5.$5Uk
=533  \\$aElectronic Reproduction$bLondon$cBritish Library$d2012$nItem no. T14 in volume 12330_l_22_v5.$5Uk
=600  00$aAnthony,$cof Padua, Saint,$d1195-1231$xMiracles.
=650  \0$aThieves.
=650  \4$aLadrones.
=650  \4$aDemonio.
=653  \1$aSan Antonio de Padua, 1195-1231--Milagros.
=655  \7$aChapbooks$zSpain.$2rbgenr
=662  \\$aSpain$dToledo$2lcsh-naf
=752  \\$aSpain$dBarcelona.
=856  40$uhttp://cudl.lib.cam.ac.uk/view/PR-12330-L-00022-V5-00014$yCambridge Digital Library
=859  \\$aXLD$bCambridge Digital Library
=CAT  \\$aWR14_159$b00$c20141016$lBLL01$h1656
=CAT  \\$aBATCH-UPD$b00$c20141016$lBLL01$h1712
=CAT  \\$aWR14_181$c20150323$lBLL01$h1403
=CAT  \\$aW1606-1753$c20171028$lBLL01$h1604
=SRC  \\$aBLWrongdoing
=LAS  \\$aW1606-1753$b00$c20171028$lBLL01$h1604

