=LDR  01759 am a2200469 a 4500
=001  016894885
=003  Uk
=005  20140227123430.0
=006  m\\\\||\\d\|\\\\\\
=007  cr\|||||||||||
=008  140227s1860\\\\sp\a\\\\o\\\\\000\0\spa\d
=FMT  \\$a  BK
=040  \\$aUkCU$beng$cUkCU$dUk
=245  00$aTestamento de D. Juan de Austria.
=260  \\$aCarmona :$bImprenta de D. José María Moreno, calle Madre de Dios,$c1860.
=300  \\$a1 online resource
=336  \\$atext$2rdacontent
=337  \\$acomputer$2rdamedia
=338  \\$aonline resources$2rdacarrier
=500  \\$aText printed in two columns.
=500  \\$aIn verse.
=500  \\$aIllustration at head of title.
=500  \\$aCaption title.
=500  \\$aImprint from colophon.
=500  \\$a"Número 15."
=500  \\$aIn two parts. Part two has title: "Segunda parte del testamento de D. Juan de Austria."
=599  \\$aItem no. T15 in volume 12330_l_22_v5.$5Uk
=533  \\$aElectronic Reproduction$bLondon$cBritish Library$d2012$nItem no. T15 in volume 12330_l_22_v5.$5Uk
=600  00$aJohn,$cof Austria,$d1547-1578$xDeath and burial.
=600  04$aJuan,$cde Austria,$d1547-1578$xMuerte y entierro.
=650  \0$aWills.
=650  \4$aTestamentos.
=655  \7$aChapbooks$zSpain.$2rbgenr
=740  02$aSegunda parte del testamento de D. Juan de Austria.
=752  \\$aSpain$dCarmona (Seville)
=856  40$uhttp://cudl.lib.cam.ac.uk/view/PR-12330-L-00022-V5-00015$yCambridge Digital Library
=859  \\$aXLD$bCambridge Digital Library
=CAT  \\$aWR14_159$b00$c20141016$lBLL01$h1656
=CAT  \\$aWR14_181$c20150323$lBLL01$h1403
=CAT  \\$aW1606-1753$c20171028$lBLL01$h1604
=SRC  \\$aBLWrongdoing
=LAS  \\$aW1606-1753$b00$c20171028$lBLL01$h1604

