=LDR  02234 am a2200541 a 4500
=001  016894889
=003  Uk
=005  20140227160236.0
=006  m\\\\||\\d\|\\\\\\
=007  cr\|||||||||||
=008  140227s1864\\\\sp\a\\\\o\\\\\000\0\spa\d
=FMT  \\$a  BK
=040  \\$aUkCU$beng$cUkCU$dUk
=245  00$aSatira muy graciosa, de los trajes y modas que se ponen muchas mujeres á las seis de la tarde para bajar al paseo á engañar à los bobalicones, y hacerles gastar los cuartos, con lo demàs que verà el curioso lector.
=260  \\$aCarmona :$bImp. y librería de D. José M. Moreno, calle de Madre de Dios,$c1864.
=300  \\$a1 online resource
=336  \\$atext$2rdacontent
=337  \\$acomputer$2rdamedia
=338  \\$aonline resources$2rdacarrier
=500  \\$aText printed in two columns.
=500  \\$aIn verse.
=500  \\$aThree separate illustrations at head of title.
=500  \\$aCaption title.
=500  \\$aImprint from colophon.
=500  \\$a"Núm. 73."
=500  \\$a"Verdades del tiempo, males y desdenes de las señoras mujeres, compuestas por el muy entretenido Juan Perez de Abulagon": p. [3-4].
=599  \\$aItem no. T20 in volume 12330_l_22_v5.$5Uk
=533  \\$aElectronic Reproduction$bLondon$cBritish Library$d2012$nItem no. T20 in volume 12330_l_22_v5.$5Uk
=650  \0$aSatire, Spanish.
=650  \0$aMisogyny.
=650  \0$aPride and vanity$xWomen.
=650  \0$aFashion.
=650  \0$aMan-woman relationships.
=650  \4$aSátira española.
=650  \4$aMisoginia.
=650  \4$aSoberbia$xMujeres.
=650  \4$aModa.
=650  \4$aRelaciones hombre-mujer.
=655  \7$aChapbooks$zSpain.$2rbgenr
=740  02$aVerdades del tiempo, males y desdenes de las señoras mujeres, compuestas por el muy entretenido Juan Perez de Abulagon.
=752  \\$aSpain$dCarmona (Seville)
=856  40$uhttp://cudl.lib.cam.ac.uk/view/PR-12330-L-00022-V5-00020$yCambridge Digital Library
=859  \\$aXLD$bCambridge Digital Library
=CAT  \\$aWR14_159$b00$c20141016$lBLL01$h1656
=CAT  \\$aWR14_181$c20150323$lBLL01$h1403
=CAT  \\$aW1606-1753$c20171028$lBLL01$h1604
=SRC  \\$aBLWrongdoing
=LAS  \\$aW1606-1753$b00$c20171028$lBLL01$h1604

