=LDR  01888 am a2200493 a 4500
=001  016894895
=003  Uk
=005  20140227172838.0
=006  m\\\\||\\d\|\\\\\\
=007  cr\|||||||||||
=008  140227s1873\\\\sp\a\\\\o\\\\\000\0\spa\d
=FMT  \\$a  BK
=040  \\$aUkCU$beng$cUkCU$dUk
=245  00$aApartamiento del alma del cuerpo :$bRelacion para contemplar sobre la hora de la muerte, y el gran dolor que siente el alma cuando se despide del cuerpo.
=246  30$aRelacion para contemplar sobre la hora de la muerte
=260  \\$aMadrid :$bDespacho de Marés y Compañía, calle de Juanelo, núm. 19,$c1873.
=300  \\$a1 online resource
=336  \\$atext$2rdacontent
=337  \\$acomputer$2rdamedia
=338  \\$aonline resources$2rdacarrier
=500  \\$aText printed in two columns.
=500  \\$aIn verse.
=500  \\$aIllustration at head of title; additional illustration at head of p. [3].
=500  \\$aCaption title.
=500  \\$aImprint from colophon.
=500  \\$a"(Núm. 108.)"
=500  \\$aIn two parts.
=599  \\$aItem no. T27 in volume 12330_l_22_v5.$5Uk
=533  \\$aElectronic Reproduction$bLondon$cBritish Library$d2012$nItem no. T27 in volume 12330_l_22_v5.$5Uk
=650  \0$aChristian literature, Spanish.
=650  \0$aDeath$xReligious aspects.
=650  \0$aSoul.
=650  \4$aLiteratura religiosa española.
=650  04$aMuerte$xAspectos religiosos.
=650  \4$aAlma.
=655  \7$aChapbooks$zSpain.$2rbgenr
=752  \\$aSpain$dMadrid.
=856  40$uhttp://cudl.lib.cam.ac.uk/view/PR-12330-L-00022-V5-00027$yCambridge Digital Library
=859  \\$aXLD$bCambridge Digital Library
=CAT  \\$aWR14_159$b00$c20141016$lBLL01$h1656
=CAT  \\$aWR14_181$c20150323$lBLL01$h1403
=CAT  \\$aW1606-1753$c20171028$lBLL01$h1604
=SRC  \\$aBLWrongdoing
=LAS  \\$aW1606-1753$b00$c20171028$lBLL01$h1604

