=LDR  01973 am a2200481 a 4500
=001  016894896
=003  Uk
=005  20140228113122.0
=006  m\\\\||\\d\|\\\\\\
=007  cr\|||||||||||
=008  140228s1873\\\\sp\a\\\\o\\\\\000\0\spa\d
=FMT  \\$a  BK
=040  \\$aUkCU$beng$cUkCU$dUk
=245  00$aDesposorios y celos de San José :$bRelacion espiritual en que se declaran los sagrados desposorios de San José con María Santísima, el misterio de la encarnacion del verbo divino, y los celos del glorioso patriarca.
=246  30$aRelacion espiritual en que se declaran los sagrados desposorios de San José con María Santísima
=260  \\$aMadrid :$bDespacho de Marés y Compañía, Juanelo 19,$c1873.
=300  \\$a1 online resource
=336  \\$atext$2rdacontent
=337  \\$acomputer$2rdamedia
=338  \\$aonline resources$2rdacarrier
=500  \\$aText printed in two columns.
=500  \\$aIn verse.
=500  \\$aIllustration at head of title.
=500  \\$aCaption title.
=500  \\$aImprint from colophon.
=500  \\$a"(Núm. 123.)"
=599  \\$aItem no. T30 in volume 12330_l_22_v5.$5Uk
=533  \\$aElectronic Reproduction$bLondon$cBritish Library$d2012$nItem no. T30 in volume 12330_l_22_v5.$5Uk
=600  00$aMary,$cBlessed Virgin, Saint$xMarriage.
=600  00$aJoseph,$cSaint$xMarriage.
=600  04$aVirgen María$xMatrimonio.
=600  04$aJosé,$cSanto$xMatrimonio.
=650  \0$aChristian literature, Spanish.
=650  \4$aLiteratura religiosa española.
=655  \7$aChapbooks$zSpain.$2rbgenr
=752  \\$aSpain$dMadrid.
=856  40$uhttp://cudl.lib.cam.ac.uk/view/PR-12330-L-00022-V5-00030$yCambridge Digital Library
=859  \\$aXLD$bCambridge Digital Library
=CAT  \\$aWR14_159$b00$c20141016$lBLL01$h1656
=CAT  \\$aWR14_181$c20150323$lBLL01$h1403
=CAT  \\$aW1606-1753$c20171028$lBLL01$h1604
=SRC  \\$aBLWrongdoing
=LAS  \\$aW1606-1753$b00$c20171028$lBLL01$h1604

