=LDR  01981 am a2200481 a 4500
=001  016894899
=003  Uk
=005  20140228121540.0
=006  m\\\\||\\d\|\\\\\\
=007  cr\|||||||||||
=008  140228s1874\\\\sp\a\\\\o\\\\\000\0\spa\d
=FMT  \\$a  BK
=040  \\$aUkCU$beng$cUkCU$dUk
=245  03$aLa divina peregrina :$bCancion mística que cantaba un religioso á María Santísima, apareciéndose en figura de peregrina, caminando de Roma para Santiago.
=246  30$aCancion mística que cantaba un religioso á María Santísima
=260  \\$aMadrid :$bDespacho de Marésy Compañía, calle de Juanelo, núm. 19,$c1874.
=300  \\$a1 online resource
=336  \\$atext$2rdacontent
=337  \\$acomputer$2rdamedia
=338  \\$aonline resources$2rdacarrier
=500  \\$aText printed in two columns.
=500  \\$aIn verse.
=500  \\$aTwo separate illustrations incorporated within title.
=500  \\$aCaption title.
=500  \\$aImprint from colophon.
=500  \\$a"(Núm. 106.)"
=500  \\$a"Salve a Maria Santísima madre y pastora de las almas": p. [3-4].
=599  \\$aItem no. T35 in volume 12330_l_22_v5.$5Uk
=533  \\$aElectronic Reproduction$bLondon$cBritish Library$d2012$nItem no. T35 in volume 12330_l_22_v5.$5Uk
=650  \0$aChristian literature, Spanish.
=650  \4$aLiteratura religiosa española.
=655  \7$aChapbooks$zSpain.$2rbgenr
=662  \\$aItaly$dRome$2lcsh-naf
=662  \\$aSpain$dSantiago de Compostela$2lcsh-naf
=740  02$aSalve a Maria Santísima madre y pastora de las almas.
=752  \\$aSpain$dMadrid.
=856  40$uhttp://cudl.lib.cam.ac.uk/view/PR-12330-L-00022-V5-00035$yCambridge Digital Library
=859  \\$aXLD$bCambridge Digital Library
=CAT  \\$aWR14_159$b00$c20141016$lBLL01$h1656
=CAT  \\$aWR14_181$c20150323$lBLL01$h1403
=CAT  \\$aW1606-1753$c20171028$lBLL01$h1604
=SRC  \\$aBLWrongdoing
=LAS  \\$aW1606-1753$b00$c20171028$lBLL01$h1604

