=LDR  01760 am a2200445 a 4500
=001  016894903
=003  Uk
=005  20140228123019.0
=006  m\\\\||\\d\|\\\\\\
=007  cr\|||||||||||
=008  140228s1875\\\\sp\a\\\\o\\\\\000\0\spa\d
=FMT  \\$a  BK
=040  \\$aUkCU$beng$cUkCU$dUk
=245  03$aLa gran loteria:$bNuevo método para que todas las mujeres que se hallen en estado de merecer se casen muy á su gusto en el término de un año.
=246  30$aNuevo método para que todas las mujeres que se hallen en estado de merecer se casen muy á su gusto en el término de un año
=260  \\$aMadrid :$bDespacho de Marés y Compañía, Juanelo, 19,$c1875.
=300  \\$a1 online resource
=336  \\$atext$2rdacontent
=337  \\$acomputer$2rdamedia
=338  \\$aonline resources$2rdacarrier
=500  \\$aText printed in two columns.
=500  \\$aIn verse.
=500  \\$aIllustration incorporated within title.
=500  \\$aCaption title.
=500  \\$aImprint from colophon.
=599  \\$aItem no. T39 in volume 12330_l_22_v5.$5Uk
=533  \\$aElectronic Reproduction$bLondon$cBritish Library$d2012$nItem no. T39 in volume 12330_l_22_v5.$5Uk
=650  \0$aMan-woman relationships.
=650  \0$aMarriage.
=650  \4$aRelaciones hombre-mujer.
=650  \4$aMatrimonio.
=655  \7$aChapbooks$zSpain.$2rbgenr
=752  \\$aSpain$dMadrid.
=856  40$uhttp://cudl.lib.cam.ac.uk/view/PR-12330-L-00022-V5-00039$yCambridge Digital Library
=859  \\$aXLD$bCambridge Digital Library
=CAT  \\$aWR14_159$b00$c20141016$lBLL01$h1656
=CAT  \\$aWR14_181$c20150323$lBLL01$h1403
=CAT  \\$aW1606-1753$c20171028$lBLL01$h1604
=SRC  \\$aBLWrongdoing
=LAS  \\$aW1606-1753$b00$c20171028$lBLL01$h1604

