=LDR  01990 am a2200529 a 4500
=001  016894906
=003  Uk
=005  20140228160206.0
=006  m\\\\||\\d\|\\\\\\
=007  cr\|||||||||||
=008  140228s1878\\\\sp\a\\\\o\\\\\000\0\spa\d
=FMT  \\$a  BK
=040  \\$aUkCU$beng$cUkCU$dUk
=245  00$aJuan de Prados, ó, Chasco del arriero :$bprimera parte.
=246  30$aChasco del arriero
=260  \\$aCarmona :$bImp. y librería de La Aurora, Carpinteros, número 2,$c1878.
=300  \\$a1 online resource
=336  \\$atext$2rdacontent
=337  \\$acomputer$2rdamedia
=338  \\$aonline resources$2rdacarrier
=500  \\$aText printed in two columns.
=500  \\$aIn verse.
=500  \\$aIllustration at head of title; second part with additional illustration at head of title.
=500  \\$aCaption title.
=500  \\$aImprint from colophon.
=500  \\$a"Núm. 51."
=500  \\$aIn two parts. Part two has title: "Juan de Prados ó Chasco del arriero, segunda parte."
=599  \\$aItem no. T42 in volume 12330_l_22_v5.$5Uk
=533  \\$aElectronic Reproduction$bLondon$cBritish Library$d2012$nItem no. T42 in volume 12330_l_22_v5.$5Uk
=650  \4$aJuan de Prados (Fictitious character)
=650  \4$aJuana Gutiérrez (Fictitious character)
=650  \0$aDeception.
=650  \0$aRevenge.
=650  \4$aEngaño.
=650  \4$aVenganza.
=653  \1$aJuan de Prados (Personaje ficticio)
=653  \1$aJuana Gutiérrez (Personaje ficticio)
=655  \7$aChapbooks$zSpain.$2rbgenr
=662  \\$aSpain$dValladolid$2lcsh-naf
=752  \\$aSpain$dCarmona (Seville)
=856  40$uhttp://cudl.lib.cam.ac.uk/view/PR-12330-L-00022-V5-00042$yCambridge Digital Library
=859  \\$aXLD$bCambridge Digital Library
=CAT  \\$aWR14_159$b00$c20141016$lBLL01$h1656
=CAT  \\$aWR14_181$c20150323$lBLL01$h1403
=CAT  \\$aW1606-1753$c20171028$lBLL01$h1604
=SRC  \\$aBLWrongdoing
=LAS  \\$aW1606-1753$b00$c20171028$lBLL01$h1604

