=LDR  01674 am a2200481 a 4500
=001  016894908
=003  Uk
=005  20140228161543.0
=006  m\\\\||\\d\|\\\\\\
=007  cr\|||||||||||
=008  140228s1884\\\\sp\a\\\\o\\\\\000\0\spa\d
=FMT  \\$a  BK
=040  \\$aUkCU$beng$cUkCU$dUk
=245  00$aConfesion de la niña Teresa.
=260  \\$aSevilla :$bLibrería de D. José G. Fernandez, Génova 29,$c1884.
=300  \\$a1 online resource
=336  \\$atext$2rdacontent
=337  \\$acomputer$2rdamedia
=338  \\$aonline resources$2rdacarrier
=500  \\$aText printed in two columns.
=500  \\$aIn verse.
=500  \\$aTwo separate illustrations at head of title.
=500  \\$aCaption title.
=500  \\$aImprint from colophon.
=500  \\$a"Sermón burlesco del tabaco de polvo": p. 3-4.
=599  \\$aItem no. T44 in volume 12330_l_22_v5.$5Uk
=533  \\$aElectronic Reproduction$bLondon$cBritish Library$d2012$nItem no. T44 in volume 12330_l_22_v5.$5Uk
=650  \0$aSmoking.
=650  \0$aConfession.
=650  \0$aSatire, Spanish.
=650  \4$aHábito de fumar.
=650  \4$aConfesión.
=650  \4$aSátira española.
=655  \7$aChapbooks$zSpain.$2rbgenr
=740  02$aSermón burlesco del tabaco de polvo.
=752  \\$aSpain$dSeville.
=856  40$uhttp://cudl.lib.cam.ac.uk/view/PR-12330-L-00022-V5-00044$yCambridge Digital Library
=859  \\$aXLD$bCambridge Digital Library
=CAT  \\$aWR14_159$b00$c20141016$lBLL01$h1656
=CAT  \\$aWR14_181$c20150323$lBLL01$h1403
=CAT  \\$aW1606-1753$c20171028$lBLL01$h1604
=SRC  \\$aBLWrongdoing
=LAS  \\$aW1606-1753$b00$c20171028$lBLL01$h1604

