=LDR  01578 am a2200445 a 4500
=001  016894910
=003  Uk
=005  20140228165208.0
=006  m\\\\||\\d\|\\\\\\
=007  cr\|||||||||||
=008  140228s1889\\\\sp\a\\\\o\\\\\000\0\spa\d
=FMT  \\$a  BK
=040  \\$aUkCU$beng$cUkCU$dUk
=245  03$aEl mozo soltero, ó, Caramba que no me caso.
=246  30$aCaramba que no me caso
=260  \\$aSevilla :$bLibrería de Don José Guillermo Fernandez, 29, Génova 29,$c1889.
=300  \\$a1 online resource
=336  \\$atext$2rdacontent
=337  \\$acomputer$2rdamedia
=338  \\$aonline resources$2rdacarrier
=500  \\$aText printed in two columns.
=500  \\$aIn verse.
=500  \\$aIllustration at head of title.
=500  \\$aCaption title.
=500  \\$aImprint from colophon.
=599  \\$aItem no. T46 in volume 12330_l_22_v5.$5Uk
=533  \\$aElectronic Reproduction$bLondon$cBritish Library$d2012$nItem no. T46 in volume 12330_l_22_v5.$5Uk
=650  \0$aSatire, Spanish.
=650  \0$aMarriage$xSocial aspects.
=650  \4$aSátira española.
=650  \4$aMatrimonio$xAspectos sociales.
=655  \7$aChapbooks$zSpain.$2rbgenr
=752  \\$aSpain$dSeville.
=856  40$uhttp://cudl.lib.cam.ac.uk/view/PR-12330-L-00022-V5-00046$yCambridge Digital Library
=859  \\$aXLD$bCambridge Digital Library
=CAT  \\$aWR14_159$b00$c20141016$lBLL01$h1656
=CAT  \\$aWR14_181$c20150323$lBLL01$h1403
=CAT  \\$aW1606-1753$c20171028$lBLL01$h1604
=SRC  \\$aBLWrongdoing
=LAS  \\$aW1606-1753$b00$c20171028$lBLL01$h1604

