=LDR  01701 am a2200481 a 4500
=001  016894911
=003  Uk
=005  20140228165511.0
=006  m\\\\||\\d\|\\\\\\
=007  cr\|||||||||||
=008  140228s1890\\\\sp\a\\\\o\\\\\000\0\spa\d
=FMT  \\$a  BK
=040  \\$aUkCU$beng$cUkCU$dUk
=245  00$aD. Pedro Acedo y el príncipe de Argel :$bprimera parte.
=246  30$aDon Pedro Acedo y el príncipe de Argel
=260  \\$aSevilla :$bLib. de D. José G. Fernandez, Génova 29,$c1890.
=300  \\$a1 online resource
=336  \\$atext$2rdacontent
=337  \\$acomputer$2rdamedia
=338  \\$aonline resources$2rdacarrier
=500  \\$aText printed in two columns.
=500  \\$aIn verse.
=500  \\$aIllustration at head of title.
=500  \\$aCaption title.
=500  \\$aImprint from colophon.
=500  \\$aIn two parts.
=599  \\$aItem no. T47 in volume 12330_l_22_v5.$5Uk
=533  \\$aElectronic Reproduction$bLondon$cBritish Library$d2012$nItem no. T47 in volume 12330_l_22_v5.$5Uk
=650  \0$aPedro Acedo (Fictitious character)
=650  \4$aPedro Acedo (Personaje ficticio)
=650  \4$aEsclavos.
=650  \4$aPríncipes.
=655  \7$aChapbooks$zSpain.$2rbgenr
=662  \\$aSpain$dAlicante$2lcsh-naf
=662  \\$aAlgeria$dAlgiers$2lcsh-naf
=752  \\$aSpain$dSeville.
=856  40$uhttp://cudl.lib.cam.ac.uk/view/PR-12330-L-00022-V5-00047$yCambridge Digital Library
=859  \\$aXLD$bCambridge Digital Library
=CAT  \\$aWR14_159$b00$c20141016$lBLL01$h1656
=CAT  \\$aWR14_181$c20150323$lBLL01$h1403
=CAT  \\$aW1606-1753$c20171028$lBLL01$h1604
=SRC  \\$aBLWrongdoing
=LAS  \\$aW1606-1753$b00$c20171028$lBLL01$h1604

