=LDR  02480 am a2200493 a 4500
=001  016894912
=003  Uk
=005  20140228170419.0
=006  m\\\\||\\d\|\\\\\\
=007  cr\|||||||||||
=008  140228s1891\\\\sp\a\\\\o\\\\\000\0\spa\\
=FMT  \\$a  BK
=040  \\$aUkCU$beng$cUkCU$dUk
=245  04$aLos cinco hijos de un parto :$bVerdadera y estraña relación del maravilloso parto de cinco hijos varones, que ha dado á luz una mujer llamada Maria Gutierrez, natural del pueblo de Jalapa, casada con Isidro Lopez : Declárase la señal con que nació cada uno : el primero con una espiga de trigo en la mano, el segundo con otra de cebada, el tercero con dos espadas en cruz sobre el vientre, el cuarto con un racimo de uvas en la mano derecha, y el quinto con una vara tambien en la mano derecha.
=246  30$aVerdadera y estraña relacion del maravilloso parto de cinco hijos varones
=260  \\$aSevilla :$bLibrería de D. José Guillermo Fernandez, Génova, 29,$c1891.
=300  \\$a1 online resource
=336  \\$atext$2rdacontent
=337  \\$acomputer$2rdamedia
=338  \\$aonline resources$2rdacarrier
=500  \\$aText printed in two columns.
=500  \\$aIn verse.
=500  \\$aIllustration at head of title.
=500  \\$aCaption title.
=500  \\$aImprint from colophon.
=500  \\$a"Caso raro y milagroso de una princesa de Irlanda que parió tantos hijos como dias tiene el año en un parto, por haberse burlado de una pobre que fué a pedirle una limosna en compañía de sus numerosos hijos": p. [3-4].
=599  \\$aItem no. T48 in volume 12330_l_22_v5.$5Uk
=533  \\$aElectronic Reproduction$bLondon$cBritish Library$d2012$nItem no. T48 in volume 12330_l_22_v5.$5Uk
=650  \0$aChildbirth.
=650  \0$aPregnant women.
=650  \0$aBereavement.
=650  \4$aParto.
=650  \4$aMujeres embarazadas.
=650  \4$aDuelo (Luto)
=655  \7$aChapbooks$zSpain.$2rbgenr
=740  02$aCaso raro y milagroso de una princesa de Irlanda que parió tantos hijos como dias tiene el año en un parto.
=752  \\$aSpain$dSeville.
=856  40$uhttp://cudl.lib.cam.ac.uk/view/PR-12330-L-00022-V5-00048$yCambridge Digital Library
=859  \\$aXLD$bCambridge Digital Library
=CAT  \\$aWR14_159$b00$c20141016$lBLL01$h1656
=CAT  \\$aWR14_181$c20150323$lBLL01$h1403
=CAT  \\$aW1606-1753$c20171028$lBLL01$h1604
=SRC  \\$aBLWrongdoing
=LAS  \\$aW1606-1753$b00$c20171028$lBLL01$h1604

