=LDR  01896 am a2200469 a 4500
=001  016894914
=003  Uk
=005  20140228172147.0
=006  m\\\\||\\d\|\\\\\\
=007  cr\|||||||||||
=008  140228q17991850sp\a\\\\o\\\\\000\0\spa\d
=FMT  \\$a  BK
=040  \\$aUkCU$beng$cUkCU$dUk
=245  00$aSegunda parte en que se demuestra en ella las demàs valentias y lauros que consiguió Don Rodulfo de Pedrajas del Marqués y las damas por sus heroycas hazañas :$bcomo verá el discreto letor.
=260  \\$aBarcelona :$bPor Raymundo Martí impresor, en la Puerta del angel al lado de la collecta,$c[between 1799 and 1850?]
=300  \\$a1 online resource
=336  \\$atext$2rdacontent
=337  \\$acomputer$2rdamedia
=338  \\$aonline resources$2rdacarrier
=500  \\$aText printed in two columns.
=500  \\$aIn verse.
=500  \\$aThree separate illustrations at head of title.
=500  \\$aCaption title.
=500  \\$aImprint from colophon.
=599  \\$aItem no. T50 in volume 12330_l_22_v5.$5Uk
=533  \\$aElectronic Reproduction$bLondon$cBritish Library$d2012$nItem no. T50 in volume 12330_l_22_v5.$5Uk
=650  \0$aBrigands and robbers.
=650  \4$aBandoleros.
=650  \4$aRodulfo de Pedrajas (Fictitious character)
=653  \1$aRodulfo de Pedrajas (Personaje ficticio)
=655  \7$aChapbooks$zSpain.$2rbgenr
=662  \\$aSpain$dZaragoza$2lcsh-naf
=662  \\$aSpain$dSeville$2lcsh-naf
=662  \\$aSpain$bCatalonia$2lcsh-naf
=752  \\$aSpain$dBarcelona.
=856  40$uhttp://cudl.lib.cam.ac.uk/view/PR-12330-L-00022-V5-00050$yCambridge Digital Library
=859  \\$aXLD$bCambridge Digital Library
=CAT  \\$aWR14_159$b00$c20141016$lBLL01$h1656
=CAT  \\$aWR14_181$c20150323$lBLL01$h1403
=CAT  \\$aW1606-1753$c20171028$lBLL01$h1604
=SRC  \\$aBLWrongdoing
=LAS  \\$aW1606-1753$b00$c20171028$lBLL01$h1604

