=LDR  01619 am a2200409 a 4500
=001  016894921
=003  Uk
=005  20140303112641.0
=006  m\\\\||\\d\|\\\\\\
=007  cr\|||||||||||
=008  140303q18001899sp\a\\\\o\\\\\000\0\spa\d
=FMT  \\$a  BK
=040  \\$aUkCU$beng$cUkCU$dUk
=245  00$aColeccion de canciones modernas :$bdivididas en cuatro partes que son las siguientas [sic]: La Colasa, El Torero, El Jaque y El Charran o Los boquerones.
=260  \\$aBarcelona :$bEs propiedad de J. Duque y A. Ubiñana,$c[between 1800 and 1899?]
=300  \\$a1 online resource
=336  \\$atext$2rdacontent
=337  \\$acomputer$2rdamedia
=338  \\$aonline resources$2rdacarrier
=500  \\$aText printed in two columns.
=500  \\$aIn verse.
=500  \\$aIllustration at head of title; additional illustration at head of p. [2]..
=500  \\$aCaption title.
=500  \\$aImprint from colophon.
=599  \\$aItem no. T61 in volume 12330_l_22_v5.$5Uk
=533  \\$aElectronic Reproduction$bLondon$cBritish Library$d2012$nItem no. T61 in volume 12330_l_22_v5.$5Uk
=650  \0$aSongs, Spanish$vTexts.
=653  \0$aCanciones españolas--Textos.
=655  \7$aChapbooks$zSpain.$2rbgenr
=752  \\$aSpain$dBarcelona.
=856  40$uhttp://cudl.lib.cam.ac.uk/view/PR-12330-L-00022-V5-00061$yCambridge Digital Library
=859  \\$aXLD$bCambridge Digital Library
=CAT  \\$aWR14_159$b00$c20141016$lBLL01$h1656
=CAT  \\$aWR14_181$c20150323$lBLL01$h1403
=CAT  \\$aW1606-1753$c20171028$lBLL01$h1604
=SRC  \\$aBLWrongdoing
=LAS  \\$aW1606-1753$b00$c20171028$lBLL01$h1604

