=LDR  02441 am a2200493 a 4500
=001  016894924
=003  Uk
=005  20140303121827.0
=006  m\\\\||\\d\|\\\\\\
=007  cr\|||||||||||
=008  140303q17661797sp\a\\\\o\\\\\000\0\spa\d
=FMT  \\$a  BK
=040  \\$aUkCU$beng$cUkCU$dUk
=245  00$aNuevo y curioso romance en que se refiere la historia de los vandidos que habitaron en los montes de Toledo, ejecutando en ellos notables atrocidades :$by lo demás que verá el curioso letor : al fin va una nueva Xacara graciosa y entretenida : primera parte.
=260  \\$aBarcelona :$bEn la Imprenta de Bernardo Pla, en los Cotoners,$c[between 1766 and 1797?]
=300  \\$a1 online resource
=336  \\$atext$2rdacontent
=337  \\$acomputer$2rdamedia
=338  \\$aonline resources$2rdacarrier
=500  \\$aText printed in two columns.
=500  \\$aIn verse.
=500  \\$aTwo separate illustrations at head of title; two additional illustrations at head of p. [7].
=500  \\$aCaption title.
=500  \\$aImprint from colophon.
=500  \\$aIn two parts. Part two has title: "Segunda parte en que se finaliza la historia de los vandidos que habitaron en los montes de Toledo."
=500  \\$a"Nueva xacara, graciosa y entretenida para reir y pasar el tiempo despues de la panza llena, y no de caldo de campana, intitulada 'El duque es muy cuerdo en todo'": p. [7-8].
=599  \\$aItem no. T64 in volume 12330_l_22_v5.$5Uk
=533  \\$aElectronic Reproduction$bLondon$cBritish Library$d2012$nItem no. T64 in volume 12330_l_22_v5.$5Uk
=650  \0$aBrigands and robbers$zSpain$zToledo.
=650  \0$aViolent crimes.
=650  \4$aBandoleros$zEspaña$zToledo.
=650  \4$aDelitos violentos.
=655  \7$aChapbooks$zSpain.$2rbgenr
=662  \\$aSpain$dToledo$2lcsh-naf
=740  02$aSegunda parte en que se finaliza la historia de los vandidos que habitaron en los montes de Toledo.
=740  02$aNueva xacara, graciosa y entretenida para reir y pasar el tiempo despues de la panza llena.
=752  \\$aSpain$dBarcelona.
=856  40$uhttp://cudl.lib.cam.ac.uk/view/PR-12330-L-00022-V5-00064$yCambridge Digital Library
=859  \\$aXLD$bCambridge Digital Library
=CAT  \\$aWR14_159$b00$c20141016$lBLL01$h1656
=CAT  \\$aWR14_181$c20150323$lBLL01$h1403
=CAT  \\$aW1606-1753$c20171028$lBLL01$h1604
=SRC  \\$aBLWrongdoing
=LAS  \\$aW1606-1753$b00$c20171028$lBLL01$h1604

