=LDR  03262 am a2200541 a 4500
=001  016894930
=003  Uk
=005  20140306145831.0
=006  m\\\\||\\d\|\\\\\\
=007  cr\|||||||||||
=008  140306q17601778sp\a\\\\o\\\\\000\0\spa\\
=FMT  \\$a  BK
=040  \\$aUkCU$beng$cUkCU$dUk
=100  1\$aCruz, Mateo Sanchez de la.
=245  10$aAqui se contiene un dulce tratado, de como una muger natural de Valladolid, siendo cautiva quando lo de Bugia, negó la ley de N. Señor, y se casó con un rico moro, do estuvo veinte y tres años en la secta de Mahoma, y fue Dios servido que al cabo deste tiempo cautivaron un clerigo hermano suyo, el qual sirvió à su hermana tres años de su esclavo sin conocerle, y como fue Dios servido que al cabo de tres años se conocieron por ciertas preguntas, y el arrepentimiento de la renegada, y las sentidas lamentaciones que hizo, y como tuvieron lugar de venir à Roma y reconciliarse con el Santo Padre / [compuso este romance Matheo Sanchez de la Cruz, natural de la muy ilustre ciudad de Segovia].
=260  \\$aBarcelona :$bEn la imprenta de los Herederos de Juan Jolis, en la calle de los Algodoneros,$c[between 1760 and 1778?]
=300  \\$a1 online resource
=336  \\$atext$2rdacontent
=337  \\$acomputer$2rdamedia
=338  \\$aonline resources$2rdacarrier
=500  \\$aText printed in two columns.
=500  \\$aIn verse.
=500  \\$aThree separate illustrations at head of title; second part with additional illustration at head of title.
=500  \\$aCaption title.
=500  \\$aImprint from colophon.
=500  \\$aIn two parts. Part two has title: "Segunda parte de la espantosa y rara penitencia que hizo una muger natural de Valladolid, en el monte Arsiano, junto à Roma, la qual avia renegado en Turquía : y como fné [sic] à buscar à dos hijos y los convirtió, sin conocer à su madre : dase cuenta de lo que passó hasta tenerlos en Roma à donde los bautizaron, y el dichoso fin desta muger / compuesto por Matheo de Brizuela natural de la Villa de Dueñas."
=599  \\$aItem no. T70 in volume 12330_l_22_v5.$5Uk
=533  \\$aElectronic Reproduction$bLondon$cBritish Library$d2012$nItem no. T70 in volume 12330_l_22_v5.$5Uk
=650  \0$aChristianity and other religions$xIslam.
=650  \0$aIslam$xRelations$xChristianity.
=650  \0$aRepentance$xChristianity.
=650  \4$aCristianismo y otras religiones$xIslamismo.
=650  \4$aIslamismo$xRelaciones$xCristianismo.
=650  \4$aArrepentimiento$xCristianismo.
=650  \4$aEsclavos.
=655  \7$aChapbooks$zSpain.$2rbgenr
=662  \\$aSpain$dValladolid$2lcsh-naf
=662  \\$aItaly$dRome$2lcsh-naf
=662  \\$aTurkey$2lcsh-naf
=700  12$aBrizuela, Matheo de.$tSegunda parte de la espantosa y rara penitencia que hizo una muger natural de Valladolid.
=752  \\$aSpain$dBarcelona.
=856  40$uhttp://cudl.lib.cam.ac.uk/view/PR-12330-L-00022-V5-00070$yCambridge Digital Library
=859  \\$aXLD$bCambridge Digital Library
=CAT  \\$aWR14_159$b00$c20141016$lBLL01$h1656
=CAT  \\$aWR14_181$c20150323$lBLL01$h1403
=CAT  \\$aW1606-1753$c20171028$lBLL01$h1604
=SRC  \\$aBLWrongdoing
=LAS  \\$aW1606-1753$b00$c20171028$lBLL01$h1604

