=LDR  01603 am a2200421 a 4500
=001  016894931
=003  Uk
=005  20140306153312.0
=006  m\\\\||\\d\|\\\\\\
=007  cr\|||||||||||
=008  140306q18201855sp\a\\\\o\\\\\000\0\spa\\
=FMT  \\$a  BK
=040  \\$aUkCU$beng$cUkCU$dUk
=245  00$aMuerte del tigre Carlos de España en la Vall de Capo, provincia de Cataluña.
=260  \\$aBarcelona :$bVéndese en la librería de J. Lluch, calle de la Libretería,$c[between 1820 and 1855?]
=300  \\$a1 online resource
=336  \\$atext$2rdacontent
=337  \\$acomputer$2rdamedia
=338  \\$aonline resources$2rdacarrier
=500  \\$aText printed in two columns.
=500  \\$aIllustration at head of title.
=500  \\$aIn verse.
=500  \\$aCaption title.
=500  \\$aImprint from colophon.
=599  \\$aItem no. T71 in volume 12330_l_22_v5.$5Uk
=533  \\$aElectronic Reproduction$bLondon$cBritish Library$d2012$nItem no. T71 in volume 12330_l_22_v5.$5Uk
=655  \7$aChapbooks$zSpain.$2rbgenr
=651  \0$aSpain$xHistory$yCarlist War, 1833-1840
=651  \4$aEspaña$xHistoria$yGuerra carlista, 1833-1840.
=662  \\$aSpain$bCatalonia$2lcsh-naf
=752  \\$aSpain$dBarcelona.
=856  40$uhttp://cudl.lib.cam.ac.uk/view/PR-12330-L-00022-V5-00071$yCambridge Digital Library
=859  \\$aXLD$bCambridge Digital Library
=CAT  \\$aWR14_159$b00$c20141016$lBLL01$h1656
=CAT  \\$aWR14_181$c20150323$lBLL01$h1403
=CAT  \\$aW1606-1753$c20171028$lBLL01$h1604
=SRC  \\$aBLWrongdoing
=LAS  \\$aW1606-1753$b00$c20171028$lBLL01$h1604

