=LDR  01588 am a2200445 a 4500
=001  016894933
=003  Uk
=005  20140306154824.0
=006  m\\\\||\\d\|\\\\\\
=007  cr\|||||||||||
=008  140306q18481872sp\a\\\\o\\\\\000\0\cat\d
=FMT  \\$a  BK
=040  \\$aUkCU$beng$cUkCU$dUk
=245  00$aDiálogo entre un texidór y la Pauleta :$bestá aumentát per segona edició.
=260  \\$aReus :$bEstabliment de Juan B. Vidal, arrabal alta de Jesus, núm. 5,$c[between 1848 and 1872?]
=300  \\$a1 online resource
=336  \\$atext$2rdacontent
=337  \\$acomputer$2rdamedia
=338  \\$aonline resources$2rdacarrier
=500  \\$aText printed in two columns.
=500  \\$aIn verse.
=500  \\$aTwo separate illustrations at head of title.
=500  \\$aCaption title.
=500  \\$aImprint from colophon.
=500  \\$a"(Núm. 85.)"
=599  \\$aItem no. T73 in volume 12330_l_22_v5.$5Uk
=533  \\$aElectronic Reproduction$bLondon$cBritish Library$d2012$nItem no. T73 in volume 12330_l_22_v5.$5Uk
=650  \0$aCourtship.
=650  \0$aWeavers.
=650  \4$aCortejo amoroso.
=650  \4$aTejedores.
=655  \7$aChapbooks$zSpain.$2rbgenr
=752  \\$aSpain$dReus.
=856  40$uhttp://cudl.lib.cam.ac.uk/view/PR-12330-L-00022-V5-00073$yCambridge Digital Library
=859  \\$aXLD$bCambridge Digital Library
=CAT  \\$aWR14_159$b00$c20141016$lBLL01$h1656
=CAT  \\$aWR14_181$c20150323$lBLL01$h1403
=CAT  \\$aW1606-1753$c20171028$lBLL01$h1604
=SRC  \\$aBLWrongdoing
=LAS  \\$aW1606-1753$b00$c20171028$lBLL01$h1604

