=LDR  02175 am a2200517 a 4500
=001  016894938
=003  Uk
=005  20140306172949.0
=006  m\\\\||\\d\|\\\\\\
=007  cr\|||||||||||
=008  140306q17801807sp\a\\\\o\\\\\000\0\spa\d
=FMT  \\$a  BK
=040  \\$aUkCU$beng$cUkCU$dUk
=245  00$aNueva relacion en que se refiere la mayor maldad y torpe atrevimiento que ha executado Lorenzo de Texado el qual inducido del demonio, dió muerte à su muger, y à quatro hijos que tenia, y les cortó las cabezas para darselas al demonio :$by como habló la cabeza de su muger por quatro veces, dividida del cuerpo, y el dichoso fin que él tuvo, como verá el curioso lector : primera parte.
=260  \\$aCon licencia Barcelona :$bPor Juan Serra y Centené, impresor y librero, baxada de la Canonja,$c[between 1780 y 1807?]
=300  \\$a1 online resource
=336  \\$atext$2rdacontent
=337  \\$acomputer$2rdamedia
=338  \\$aonline resources$2rdacarrier
=500  \\$aText printed in two columns.
=500  \\$aIn verse.
=500  \\$aThree separate illustrations at head of title.
=500  \\$aCaption title.
=500  \\$aImprint from colophon.
=500  \\$aIn two parts.
=599  \\$aItem no. T82 in volume 12330_l_22_v5.$5Uk
=533  \\$aElectronic Reproduction$bLondon$cBritish Library$d2012$nItem no. T82 in volume 12330_l_22_v5.$5Uk
=650  \0$aLorenzo de Texado (Fictitious character)
=650  \0$aAtrocities.
=650  \0$aMurder.
=650  \0$aJudgment of God.
=650  \0$aChristianity and justice.
=650  \4$aAsesinato.
=650  \4$aAtrocidades.
=650  \4$aDemonio.
=653  \1$aLorenzo de Texado (Personaje ficticio)
=653  \0$aJusticia divina.
=655  \7$aChapbooks$zSpain.$2rbgenr
=752  \\$aSpain$dBarcelona.
=856  40$uhttp://cudl.lib.cam.ac.uk/view/PR-12330-L-00022-V5-00082$yCambridge Digital Library
=859  \\$aXLD$bCambridge Digital Library
=CAT  \\$aWR14_159$b00$c20141016$lBLL01$h1656
=CAT  \\$aWR14_181$c20150323$lBLL01$h1403
=CAT  \\$aW1606-1753$c20171028$lBLL01$h1604
=SRC  \\$aBLWrongdoing
=LAS  \\$aW1606-1753$b00$c20171028$lBLL01$h1604

