=LDR  01792 am a2200457 a 4500
=001  016894940
=003  Uk
=005  20140307111148.0
=006  m\\\\||\\d\|\\\\\\
=007  cr\|||||||||||
=008  140307q18001900sp\a\\\\o\\\\\000\0\spa\\
=FMT  \\$a  BK
=040  \\$aUkCU$beng$cUkCU$dUk
=245  00$aFolías glosadas que un amante hace a una discreta hermosura, explicando su amor con titulos de comedias.
=260  \\$a[S.l. :$bs.n.,$cbetween 1800 and 1900?]
=300  \\$a1 online resource
=336  \\$atext$2rdacontent
=337  \\$acomputer$2rdamedia
=338  \\$aonline resources$2rdacarrier
=500  \\$aText printed in two columns.
=500  \\$aTwo separate illustrations at head of title.
=500  \\$aIn verse.
=500  \\$aCaption title.
=500  \\$a"Quexas de un amante, à su pecho esquivo, en titulos de comedias": p. [2-3].
=500  \\$a"Folías para cantar entre galan y dama": p. [3-4].
=599  \\$aItem no. T84 in volume 12330_l_22_v5.$5Uk
=533  \\$aElectronic Reproduction$bLondon$cBritish Library$d2012$nItem no. T84 in volume 12330_l_22_v5.$5Uk
=650  \0$aCourtship.
=650  \0$aSongs, Spanish$vTexts.
=650  \4$aCortejo amoroso.
=653  \0$aCanciones españolas--Textos.
=655  \7$aChapbooks$zSpain.$2rbgenr
=740  02$aQuexas de un amante, à su pecho esquivo, en titulos de comedias
=740  02$aFolías para cantar entre galan y dama.
=856  40$uhttp://cudl.lib.cam.ac.uk/view/PR-12330-L-00022-V5-00084$yCambridge Digital Library
=859  \\$aXLD$bCambridge Digital Library
=CAT  \\$aWR14_159$b00$c20141016$lBLL01$h1656
=CAT  \\$aWR14_181$c20150323$lBLL01$h1403
=CAT  \\$aW1606-1753$c20171028$lBLL01$h1604
=SRC  \\$aBLWrongdoing
=LAS  \\$aW1606-1753$b00$c20171028$lBLL01$h1604

