=LDR  01505 am a2200421 a 4500
=001  016894941
=003  Uk
=005  20140307111502.0
=006  m\\\\||\\d\|\\\\\\
=007  cr\|||||||||||
=008  140307q17001850sp\a\\\\o\\\\\000\0\spa\\
=FMT  \\$a  BK
=040  \\$aUkCU$beng$cUkCU$dUk
=245  00$aSegunda parte en la qual se prosigue la historia verdadera de la mas firme amistad entre el cristiano y el gentil.
=260  \\$a[S.l. :$bs.n.,$cbetween 1700 and 1850?]
=300  \\$a1 online resource
=336  \\$atext$2rdacontent
=337  \\$acomputer$2rdamedia
=338  \\$aonline resources$2rdacarrier
=500  \\$aText printed in two columns.
=500  \\$aThree separate illustrations at head of title.
=500  \\$aIn verse.
=500  \\$aCaption title.
=500  \\$aImprint from colophon.
=599  \\$aItem no. T85 in volume 12330_l_22_v5.$5Uk
=533  \\$aElectronic Reproduction$bLondon$cBritish Library$d2012$nItem no. T85 in volume 12330_l_22_v5.$5Uk
=650  \0$aMerchants.
=650  \0$aChristians.
=650  \4$aComerciantes.
=650  \4$aCristianos.
=655  \7$aChapbooks$zSpain.$2rbgenr
=856  40$uhttp://cudl.lib.cam.ac.uk/view/PR-12330-L-00022-V5-00085$yCambridge Digital Library
=859  \\$aXLD$bCambridge Digital Library
=CAT  \\$aWR14_159$b00$c20141016$lBLL01$h1656
=CAT  \\$aWR14_181$c20150323$lBLL01$h1403
=CAT  \\$aW1606-1753$c20171028$lBLL01$h1604
=SRC  \\$aBLWrongdoing
=LAS  \\$aW1606-1753$b00$c20171028$lBLL01$h1604

