=LDR  01675 am a2200421 a 4500
=001  016894942
=003  Uk
=005  20140307112050.0
=006  m\\\\||\\d\|\\\\\\
=007  cr\|||||||||||
=008  140307q17001850sp\a\\\\o\\\\\000\0\spa\\
=FMT  \\$a  BK
=040  \\$aUkCU$beng$cUkCU$dUk
=245  00$aDon Carlos y Estela :$bCuriosa relacion en que se refieren los varios lances y sucesos amorosos de este noble caballero, natural de la ciudad de Toledo : primera parte.
=246  30$aCuriosa relacion en que se refieren los varios lances y sucesos amorosos de este noble caballero, natural de la ciudad de Toledo
=260  \\$a[S.l. :$bs.n.,$cbetween 1700 and 1850?]
=300  \\$a1 online resource
=336  \\$atext$2rdacontent
=337  \\$acomputer$2rdamedia
=338  \\$aonline resources$2rdacarrier
=500  \\$aText printed in two columns.
=500  \\$aThree separate illustrations at head of title.
=500  \\$aIn verse.
=500  \\$aCaption title.
=599  \\$aItem no. T86 in volume 12330_l_22_v5.$5Uk
=533  \\$aElectronic Reproduction$bLondon$cBritish Library$d2012$nItem no. T86 in volume 12330_l_22_v5.$5Uk
=650  \0$aCourtship.
=650  \4$aCortejo amoroso.
=650  \4$aBodas.
=655  \7$aChapbooks$zSpain.$2rbgenr
=662  \\$aSpain$dToledo$2lcsh-naf
=856  40$uhttp://cudl.lib.cam.ac.uk/view/PR-12330-L-00022-V5-00086$yCambridge Digital Library
=859  \\$aXLD$bCambridge Digital Library
=CAT  \\$aWR14_159$b00$c20141016$lBLL01$h1656
=CAT  \\$aWR14_181$c20150323$lBLL01$h1403
=CAT  \\$aW1606-1753$c20171028$lBLL01$h1604
=SRC  \\$aBLWrongdoing
=LAS  \\$aW1606-1753$b00$c20171028$lBLL01$h1604

