=LDR  01824 am a2200469 a 4500
=001  016894947
=003  Uk
=005  20140307125039.0
=006  m\\\\||\\d\|\\\\\\
=007  cr\|||||||||||
=008  140307s1846\\\\sp\a\\\\o\\\\\000\0\spa\d
=FMT  \\$a  BK
=040  \\$aUkCU$beng$cUkCU$dUk
=100  1\$aCebrian, Pedro.
=245  10$aRelacion de la industria é ingenio de los catalanes :$bcon canciones amorosas para cantar en elogio de sus bellas y hermosas compatricias /$ccompuesto por Pedro Cebrian, de quien es propiedad.
=260  \\$aBarcelona :$bImp. de A. Albert, calle de S. Pablo, núm. 30,$cAño 1846.
=300  \\$a1 online resource
=336  \\$atext$2rdacontent
=337  \\$acomputer$2rdamedia
=338  \\$aonline resources$2rdacarrier
=500  \\$aText printed in two columns.
=500  \\$aIn verse.
=500  \\$aTwo separate illustrations at head of title.
=500  \\$aCaption title.
=500  \\$aImprint from colophon.
=599  \\$aItem no. T92 in volume 12330_l_22_v5.$5Uk
=533  \\$aElectronic Reproduction$bLondon$cBritish Library$d2012$nItem no. T92 in volume 12330_l_22_v5.$5Uk
=650  \0$aSongs, Spanish$vTexts.
=650  \0$aCourtship.
=650  \0$aNational characteristics, Catalan.
=650  \4$aCortejo amoroso.
=653  \0$aCanciones españolas--Textos.
=653  \0$aCaracterísticas nationales catalanas.
=655  \7$aChapbooks$zSpain.$2rbgenr
=752  \\$aSpain$dBarcelona.
=856  40$uhttp://cudl.lib.cam.ac.uk/view/PR-12330-L-00022-V5-00092$yCambridge Digital Library
=859  \\$aXLD$bCambridge Digital Library
=CAT  \\$aWR14_159$b00$c20141016$lBLL01$h1656
=CAT  \\$aWR14_181$c20150323$lBLL01$h1403
=CAT  \\$aW1606-1753$c20171028$lBLL01$h1604
=SRC  \\$aBLWrongdoing
=LAS  \\$aW1606-1753$b00$c20171028$lBLL01$h1604

