=LDR  01910 am a2200469 a 4500
=001  016894952
=003  Uk
=005  20140307160040.0
=006  m\\\\||\\d\|\\\\\\
=007  cr\|||||||||||
=008  140307q18201855sp\a\\\\o\\\\\000\0\spa\d
=FMT  \\$a  BK
=040  \\$aUkCU$beng$cUkCU$dUk
=245  03$aEl lechugino de Madrid chasqueado :$by verdadera relacion y trágico suceso que acaba de pasar con un oficial de sastre y su muger, y el chasco mas formidable que le han dado á un lechugino soltero por ser aficionado á las hijas de Adan, como verá el curioso lector.
=246  30$aVerdadera relacion y trágico suceso que acaba de pasar con un oficial de sastre y su muger
=260  \\$aBarcelona :$bEn la librería de José Lluch, calle de la Libretería,$c[between 1820 and 1855?]
=300  \\$a1 online resource
=336  \\$atext$2rdacontent
=337  \\$acomputer$2rdamedia
=338  \\$aonline resources$2rdacarrier
=500  \\$aText printed in two columns.
=500  \\$aIn verse.
=500  \\$aIllustration at head of title.
=500  \\$aCaption title.
=500  \\$aImprint from colophon.
=500  \\$aIn two parts.
=599  \\$aItem no. T97 in volume 12330_l_22_v5.$5Uk
=533  \\$aElectronic Reproduction$bLondon$cBritish Library$d2012$nItem no. T97 in volume 12330_l_22_v5.$5Uk
=650  \0$aDeception.
=650  \0$aTailors.
=650  \4$aEngaño.
=650  \4$aSastres.
=655  \7$aChapbooks$zSpain.$2rbgenr
=662  \\$aSpain$dMadrid$2lcsh-naf
=752  \\$aSpain$dBarcelona.
=856  40$uhttp://cudl.lib.cam.ac.uk/view/PR-12330-L-00022-V5-00097$yCambridge Digital Library
=859  \\$aXLD$bCambridge Digital Library
=CAT  \\$aWR14_159$b00$c20141016$lBLL01$h1656
=CAT  \\$aWR14_181$c20150323$lBLL01$h1403
=CAT  \\$aW1606-1753$c20171028$lBLL01$h1604
=SRC  \\$aBLWrongdoing
=LAS  \\$aW1606-1753$b00$c20171028$lBLL01$h1604

