=LDR  01922 am a2200457 a 4500
=001  016894953
=003  Uk
=005  20140307161333.0
=006  m\\\\||\\d\|\\\\\\
=007  cr\|||||||||||
=008  140307q17001750sp\a\\\\o\\\\\000\0\spa\d
=FMT  \\$a  BK
=040  \\$aUkCU$beng$cUkCU$dUk
=245  00$aNueva relacion donde se refiere el portentoso milagro qve ha obrado la imagen del Santo Sepvlcro de San Lazaro, que se venera en la ciudad de Barcelona, con un sacerdote catalan devoto suyo, el que padeciò la cautvidad del perziano, viniendo de ordenarse de Roma :$by como fuè milagrosamente librado de las manos de los leones y llevado à Roma por inspiracion del Señor : sucediò el dia 20. de mayo del año 1741.
=260  \\$a[S.l. :$bs.n.,$cbetween 1700 and 1750?]
=300  \\$a1 online resource
=336  \\$atext$2rdacontent
=337  \\$acomputer$2rdamedia
=338  \\$aonline resources$2rdacarrier
=500  \\$aText printed in two columns.
=500  \\$aIn verse.
=500  \\$aIllustration below title.
=500  \\$aCaption title.
=500  \\$aImprint from colophon.
=599  \\$aItem no. T99 in volume 12330_l_22_v5.$5Uk
=533  \\$aElectronic Reproduction$bLondon$cBritish Library$d2012$nItem no. T99 in volume 12330_l_22_v5.$5Uk
=650  \0$aJudgment of God.
=650  \0$aChristianity and justice.
=650  \0$aMiracles.
=650  \4$aMilagros.
=653  \0$aJusticia divina.
=655  \7$aChapbooks$zSpain.$2rbgenr
=662  \\$aSpain$dBarcelona$2lcsh-naf
=662  \\$aItaly$dRome$2lcsh-naf
=856  40$uhttp://cudl.lib.cam.ac.uk/view/PR-12330-L-00022-V5-00099$yCambridge Digital Library
=859  \\$aXLD$bCambridge Digital Library
=CAT  \\$aWR14_159$b00$c20141016$lBLL01$h1656
=CAT  \\$aWR14_181$c20150323$lBLL01$h1403
=CAT  \\$aW1606-1753$c20171028$lBLL01$h1604
=SRC  \\$aBLWrongdoing
=LAS  \\$aW1606-1753$b00$c20171028$lBLL01$h1604

