=LDR  02193 am a2200433 a 4500
=001  016894955
=003  Uk
=005  20140314123749.0
=006  m\\\\||\\d\|\\\\\\
=007  cr\|||||||||||
=008  140314q17471782sp\a\\\\o\\\\\000\0\spa\d
=FMT  \\$a  BK
=040  \\$aUkCU$beng$cUkCU$dUk
=245  00$aVersion parafrastica del simbolo llamado de San Atanasio :$bel qual suele decir la Santa Iglesia en los Domingos y dia de la Santisima Trinidad, como profesion y confesion perfecta de la fé catolica à gloria del Señor y en los exorcismos contra las aereas è infernales potestades en tiempo de tempestad de truenos, rayos, granizo, &c.
=260  \\$aCon licencia Barc. :$bEn la imprenta de los Herederos de Bartholomé y Maria Angeles Giralt, calle de S. Cayetano,$c[between 1747 and 1782?]
=300  \\$a1 online resource
=336  \\$atext$2rdacontent
=337  \\$acomputer$2rdamedia
=338  \\$aonline resources$2rdacarrier
=500  \\$aText printed in two columns.
=500  \\$aIn verse.
=500  \\$aThree separate illustrations at head of title.
=500  \\$aCaption title.
=500  \\$aImprint from colophon.
=500  \\$a"Version parafrastica del himno "Veni Creator Spiritus" y de la secuencia "Veni Sancte Spiritus" que canta la Santa Madre Iglesia Catolica para implorar la gracia del Espiritu Santo en las necesidades": p. [4].
=599  \\$aItem no. T105 in volume 12330_l_22_v5.$5Uk
=533  \\$aElectronic Reproduction$bLondon$cBritish Library$d2012$nItem no. T105 in volume 12330_l_22_v5.$5Uk
=650  \0$aChristian literature, Spanish.
=650  \4$aLiteratura religiosa española
=655  \7$aChapbooks$zSpain.$2rbgenr
=740  02$aVersion parafrastica del himno "Veni Creator Spiritus" y de la secuencia "Veni Sancte Spiritus."
=752  \\$aSpain$dBarcelona.
=856  40$uhttp://cudl.lib.cam.ac.uk/view/PR-12330-L-00022-V5-00105$yCambridge Digital Library
=859  \\$aXLD$bCambridge Digital Library
=CAT  \\$aWR14_159$b00$c20141016$lBLL01$h1656
=CAT  \\$aWR14_181$c20150323$lBLL01$h1403
=CAT  \\$aW1606-1753$c20171028$lBLL01$h1604
=SRC  \\$aBLWrongdoing
=LAS  \\$aW1606-1753$b00$c20171028$lBLL01$h1604

