=LDR  01589 am a2200481 a 4500
=001  016894957
=003  Uk
=005  20140314124837.0
=006  m\\\\||\\d\|\\\\\\
=007  cr\|||||||||||
=008  140314q17991850sp\a\\\\o\\\\\000\0\spa\\
=FMT  \\$a  BK
=040  \\$aUkCU$beng$cUkCU$dUk
=245  04$aLas princesas encantadas y deslealtad de hermanos :$bprimera parte.
=260  \\$a[S.l. :$bs.n.,$cbetween 1799 and 1850?]
=300  \\$a1 online resource
=336  \\$atext$2rdacontent
=337  \\$acomputer$2rdamedia
=338  \\$aonline resources$2rdacarrier
=500  \\$aText printed in two columns.
=500  \\$aIn verse.
=500  \\$aThree separate illustrations at head of title.
=500  \\$aCaption title.
=599  \\$aItem no. T108 in volume 12330_l_22_v5.$5Uk
=533  \\$aElectronic Reproduction$bLondon$cBritish Library$d2012$nItem no. T108 in volume 12330_l_22_v5.$5Uk
=650  \0$aIncantations.
=650  \0$aBetrayal.
=650  \4$aEncantamientos.
=650  \4$aTraición.
=650  \4$aPrincesas.
=650  \4$aHermanos.
=650  \4$aCastillos.
=650  \4$aCaballos.
=650  \4$aTorneos.
=655  \7$aChapbooks$zSpain.$2rbgenr
=662  \\$aDenmark$2lcsh-naf
=856  40$uhttp://cudl.lib.cam.ac.uk/view/PR-12330-L-00022-V5-00108$yCambridge Digital Library
=859  \\$aXLD$bCambridge Digital Library
=CAT  \\$aWR14_159$b00$c20141016$lBLL01$h1656
=CAT  \\$aWR14_181$c20150323$lBLL01$h1403
=CAT  \\$aW1606-1753$c20171028$lBLL01$h1604
=SRC  \\$aBLWrongdoing
=LAS  \\$aW1606-1753$b00$c20171028$lBLL01$h1604

