=LDR  02112 am a2200517 a 4500
=001  016894960
=003  Uk
=005  20140314144203.0
=006  m\\\\||\\d\|\\\\\\
=007  cr\|||||||||||
=008  140314q18271835sp\a\\\\o\\\\\000\0\spa\\
=FMT  \\$a  BK
=040  \\$aUkCU$beng$cUkCU$dUk
=245  00$aXacara nueva en que se refiere un lastimoso caso que sucedió à una donzella de la ciudad de Truxillo, à la qual un amante suyo la sacó de su casa, engañada con palabra de casamiento dexandola despues en Sierra Morena :$by el exemplar castigo que en èl y en un primo suyo se executó, como lo verá el curioso lector.
=260  \\$aFigueras :$bPor Antonio Matas Librero, calle de Perelada,$c[between 1827 and 1835?]
=300  \\$a1 online resource
=336  \\$atext$2rdacontent
=337  \\$acomputer$2rdamedia
=338  \\$aonline resources$2rdacarrier
=500  \\$aText printed in two columns.
=500  \\$aIn verse.
=500  \\$aIllustration at head of title.
=500  \\$aCaption title.
=500  \\$aImprint from colophon.
=599  \\$aItem no. T114 in volume 12330_l_22_v5.$5Uk
=533  \\$aElectronic Reproduction$bLondon$cBritish Library$d2012$nItem no. T114 in volume 12330_l_22_v5.$5Uk
=650  \0$aWomen$xCrimes against.
=650  \0$aRape victims.
=650  \0$aRevenge.
=650  \4$aRosaura (Fictitious character)
=650  \4$aMujeres$xDelitos contra las.
=650  \4$aVíctimas de la violación.
=650  \4$aVenganza.
=653  \0$aAlevosía.
=653  \1$aRosaura (Personaje ficticio)
=655  \7$aChapbooks$zSpain.$2rbgenr.
=662  \\$aSpain$dTrujillo (Cáceres)$2lcsh-naf
=662  \\$aSpain$gSierra Morena$2lcsh-naf
=752  \\$aSpain$dFigueras (Gerona)
=856  40$uhttp://cudl.lib.cam.ac.uk/view/PR-12330-L-00022-V5-00114$yCambridge Digital Library
=859  \\$aXLD$bCambridge Digital Library
=CAT  \\$aWR14_159$b00$c20141016$lBLL01$h1656
=CAT  \\$aWR14_181$c20150323$lBLL01$h1403
=CAT  \\$aW1606-1753$c20171028$lBLL01$h1604
=SRC  \\$aBLWrongdoing
=LAS  \\$aW1606-1753$b00$c20171028$lBLL01$h1604

