=LDR  01642 am a2200433 a 4500
=001  016894961
=003  Uk
=005  20140314145816.0
=006  m\\\\||\\d\|\\\\\\
=007  cr\|||||||||||
=008  140314q18501885sp\a\\\\o\\\\\000\0\cat\d
=FMT  \\$a  BK
=040  \\$aUkCU$beng$cUkCU$dUk
=245  03$aLo cul pustis :$bEntremes nou : verval del cul pustis.
=246  30$aVerval del cul pustis
=260  \\$aBarcelona :$bSe halla de venta en casa Antonio Bosch, Bou de la Plaza Nueva, 13,$c[between 1850 and 1885?]$f(Imprenta de Gomez é Inglada, calle de Guardia, n.° 14)
=300  \\$a1 online resource
=336  \\$atext$2rdacontent
=337  \\$acomputer$2rdamedia
=338  \\$aonline resources$2rdacarrier
=500  \\$aText printed in two columns.
=500  \\$aIn verse.
=500  \\$aThree separate illustrations incorporated within title.
=500  \\$aCaption title.
=500  \\$aImprint from colophon.
=500  \\$a"Número 4."
=599  \\$aItem no. T116 in volume 12330_l_22_v5.$5Uk
=533  \\$aElectronic Reproduction$bLondon$cBritish Library$d2012$nItem no. T116 in volume 12330_l_22_v5.$5Uk
=650  \0$aSatire, Spanish.
=650  \4$aSátira española.
=655  \7$aChapbooks$zSpain.$2rbgenr
=752  \\$aSpain$dBarcelona.
=856  40$uhttp://cudl.lib.cam.ac.uk/view/PR-12330-L-00022-V5-00116$yCambridge Digital Library
=859  \\$aXLD$bCambridge Digital Library
=CAT  \\$aWR14_159$b00$c20141016$lBLL01$h1656
=CAT  \\$aWR14_181$c20150323$lBLL01$h1403
=CAT  \\$aW1606-1753$c20171028$lBLL01$h1604
=SRC  \\$aBLWrongdoing
=LAS  \\$aW1606-1753$b00$c20171028$lBLL01$h1604

