=LDR  01632 am a2200457 a 4500
=001  016894962
=003  Uk
=005  20140314150242.0
=006  m\\\\||\\d\|\\\\\\
=007  cr\|||||||||||
=008  140314q17991850sp\a\\\\o\\\\\000\0\spa\d
=FMT  \\$a  BK
=040  \\$aUkCU$beng$cUkCU$dUk
=245  00$aCoplas glosadas en decimas para cantar los aficionados.
=260  \\$a[S.l. :$bs.n.,$cbetween 1799 and 1850?]
=300  \\$a1 online resource
=336  \\$atext$2rdacontent
=337  \\$acomputer$2rdamedia
=338  \\$aonline resources$2rdacarrier
=500  \\$aText printed in two columns.
=500  \\$aIn verse.
=500  \\$aIllustration at head of title.
=500  \\$aCaption title.
=500  \\$aImprint from colophon.
=500  \\$a"Cuarteta glosada en alabanza de Maria: glosa en decimas": p. [4].
=500  \\$a"T. N.° 7."
=599  \\$aItem no. T117 in volume 12330_l_22_v5.$5Uk
=533  \\$aElectronic Reproduction$bLondon$cBritish Library$d2012$nItem no. T117 in volume 12330_l_22_v5.$5Uk
=650  \0$aSongs, Spanish$vTexts.
=650  \0$aCourtship.
=650  \4$aCortejo amoroso.
=653  \0$aCanciones españolas--Textos.
=655  \7$aChapbooks$zSpain.$2rbgenr
=740  02$aCuarteta glosada en alabanza de Maria.
=856  40$uhttp://cudl.lib.cam.ac.uk/view/PR-12330-L-00022-V5-00117$yCambridge Digital Library
=859  \\$aXLD$bCambridge Digital Library
=CAT  \\$aWR14_159$b00$c20141016$lBLL01$h1656
=CAT  \\$aWR14_181$c20150323$lBLL01$h1403
=CAT  \\$aW1606-1753$c20171028$lBLL01$h1604
=SRC  \\$aBLWrongdoing
=LAS  \\$aW1606-1753$b00$c20171028$lBLL01$h1604

