=LDR  01645 am a2200409 a 4500
=001  016894967
=003  Uk
=005  20140314165154.0
=006  m\\\\||\\d\|\\\\\\
=007  cr\|||||||||||
=008  140314q17991850sp\a\\\\o\\\\\000\0\cat\\
=FMT  \\$a  BK
=040  \\$aUkCU$beng$cUkCU$dUk
=245  00$aRahonament y coloqui nou :$ben el que es refereix els grans casos que li pasaren á Nélo el tripero, natural de Valensia, fill del carrer de Cañete, chic mólt hábil pera el estudio de la uña : y en lo demés que vorá el curios lector en esta primera part.
=260  \\$a[S.l. :$bs.n.,$cbetween 1799 and 1850?]
=300  \\$a1 online resource
=336  \\$atext$2rdacontent
=337  \\$acomputer$2rdamedia
=338  \\$aonline resources$2rdacarrier
=500  \\$aText printed in two columns.
=500  \\$aIn verse.
=500  \\$aIllustration at head of title.
=500  \\$aCaption title.
=599  \\$aItem no. T125 in volume 12330_l_22_v5.$5Uk
=500  \\$aImprint from colophon.
=533  \\$aElectronic Reproduction$bLondon$cBritish Library$d2012$nItem no. T125 in volume 12330_l_22_v5.$5Uk
=650  \0$aSatire, Spanish.
=650  \4$aSátira española.
=655  \7$aChapbooks$zSpain.$2rbgenr
=662  \\$aSpain$dValencia$2lcsh-naf
=856  40$uhttp://cudl.lib.cam.ac.uk/view/PR-12330-L-00022-V5-00125$yCambridge Digital Library
=859  \\$aXLD$bCambridge Digital Library
=CAT  \\$aWR14_159$b00$c20141016$lBLL01$h1656
=CAT  \\$aWR14_181$c20150323$lBLL01$h1403
=CAT  \\$aW1606-1753$c20171028$lBLL01$h1604
=SRC  \\$aBLWrongdoing
=LAS  \\$aW1606-1753$b00$c20171028$lBLL01$h1604

