=LDR  01784 am a2200469 a 4500
=001  016894968
=003  Uk
=005  20140314170718.0
=006  m\\\\||\\d\|\\\\\\
=007  cr\|||||||||||
=008  140314q18751880sp\a\\\\o\\\\\000\0\spa\\
=FMT  \\$a  BK
=040  \\$aUkCU$beng$cUkCU$dUk
=245  00$aHistoria del enamorado Ricardo y la hermosa Isabela, llamada la Española inglesa :$ben la que se da cuenta de los muchos y raros acontecimientos que sucedieron á estos dos amantes.
=246  33$aHistoria del enamorado Ricardo y de la hermosa Isabela
=246  30$aEspañola inglesa
=260  \\$aMadrid :$bDespacho, calle de Juanelo, núm. 19,$c[between 1875 and 1880?]
=300  \\$a1 online resource
=336  \\$atext$2rdacontent
=337  \\$acomputer$2rdamedia
=338  \\$aonline resources$2rdacarrier
=500  \\$aIn verse.
=500  \\$aIllustration at head of title.
=500  \\$aCaption title.
=500  \\$aIn six parts.
=500  \\$a"(Tres pliegos.)"
=599  \\$aItem no. T126 in volume 12330_l_22_v5.$5Uk
=533  \\$aElectronic Reproduction$bLondon$cBritish Library$d2012$nItem no. T126 in volume 12330_l_22_v5.$5Uk
=650  \0$aCourtship.
=650  \4$aCortejo amoroso.
=655  \7$aChapbooks$zSpain.$2rbgenr
=662  \\$aSpain$dCádiz$2lcsh-naf
=662  \\$aSpain$dSeville$2lcsh-naf
=662  \\$aEngland$dLondon$2lcsh-naf
=752  \\$aSpain$dMadrid.
=856  40$uhttp://cudl.lib.cam.ac.uk/view/PR-12330-L-00022-V5-00126$yCambridge Digital Library
=859  \\$aXLD$bCambridge Digital Library
=CAT  \\$aWR14_159$b00$c20141016$lBLL01$h1656
=CAT  \\$aWR14_181$c20150323$lBLL01$h1403
=CAT  \\$aW1606-1753$c20171028$lBLL01$h1604
=SRC  \\$aBLWrongdoing
=LAS  \\$aW1606-1753$b00$c20171028$lBLL01$h1604

