=LDR  02464 am a2200529 a 4500
=001  016894971
=003  Uk
=005  20140317145911.0
=006  m\\\\||\\d\|\\\\\\
=007  cr\|||||||||||
=008  140317q18401874sp\a\\\\o\\\\\000\0\spa\\
=FMT  \\$a  BK
=040  \\$aUkCU$beng$cUkCU$dUk
=043  \\$ae-sp---
=245  04$aLos bandidos de Toledo :$bCuriosa relacion en que se refiere la historia de una banda de facinerosos que habitaron en los montes de Toledo, cometiendo en ellos las mas notables atrocidades, con lo demás que verá el que lo lea : primera parte.
=246  30$aCuriosa relacion en que se refiere la historia de una banda de facinerosos que habitaron en los montes de Toledo
=260  \\$aMadrid :$bDespacho de J.M. Marés y compañía, Juanelo, 19,$c[between 1840 and 1874]
=300  \\$a1 online resource
=336  \\$atext$2rdacontent
=337  \\$acomputer$2rdamedia
=338  \\$aonline resources$2rdacarrier
=500  \\$aText printed in two columns.
=500  \\$aIn verse.
=500  \\$aTwo separate illustrations incorporated within title; additional illustration at foot of p. 4; second part with two additional illustrations at head of title.
=500  \\$aCaption title.
=500  \\$aImprint from colophon.
=500  \\$a"(Núm. 13)."
=500  \\$aIn two parts. Part two has title: "Segunda parte, en que se da fin á la historia de los bandidos que habitaron los montes de Toledo."
=500  \\$a"Cancion nueva del pirata": p. 8.
=599  \\$aItem no. T9 in volume 12330.l.22.v6.$5Uk
=533  \\$aElectronic Reproduction$bLondon$cBritish Library$d2012$nItem no. T9 in volume 12330.l.22.v6.$5Uk
=650  \0$aBrigands and robbers$zSpain$zToledo.
=650  \0$aViolent crimes.
=650  \4$aBandoleros$zEspaña$zToledo.
=650  \4$aDelitos violentos.
=655  \7$aChapbooks$zSpain.$2rbgenr
=662  \\$aSpain$dToledo$2lcsh-naf
=740  02$aSegunda parte, en que se da fin á la historia de los bandidos que habitaron los montes de Toledo.
=740  02$aCancion nueva del pirata.
=752  \\$aSpain$dMadrid.
=856  40$uhttp://cudl.lib.cam.ac.uk/view/PR-12330-L-00022-V6-00009$yCambridge Digital Library
=859  \\$aXLD$bCambridge Digital Library
=CAT  \\$aWR14_159$b00$c20141016$lBLL01$h1656
=CAT  \\$aWR14_181$c20150323$lBLL01$h1403
=CAT  \\$aW1606-1753$c20171028$lBLL01$h1604
=SRC  \\$aBLWrongdoing
=LAS  \\$aW1606-1753$b00$c20171028$lBLL01$h1604

