=LDR  02116 am a2200493 a 4500
=001  016894973
=003  Uk
=005  20140317151044.0
=006  m\\\\||\\d\|\\\\\\
=007  cr\|||||||||||
=008  140317s1874\\\\sp\a\\\\o\\\\\000\0\spa\d
=FMT  \\$a  BK
=040  \\$aUkCU$beng$cUkCU$dUk
=245  00$aDon Juan de la Tierra :$bNueva relacion en que se da cuenta y declaran los hechos, arrestos y valentías de este héroe, natural de la villa de Illescas : dáse cuenta de la reñida pendencia que tuvo en defensa de su rey : con todo lo demás que verá el curioso lector : primera parte.
=246  30$aNueva relacion en que se da cuenta y declaran los hechos, arrestos y valentías de este héroe
=260  \\$aMadrid :$bDespacho de Mares y Compañia, calle de Juanelo, núm. 19,$c1874.
=300  \\$a1 online resource
=336  \\$atext$2rdacontent
=337  \\$acomputer$2rdamedia
=338  \\$aonline resources$2rdacarrier
=500  \\$aText printed in two columns.
=500  \\$aIn verse.
=500  \\$aIllustration incorporated within title; second part with additional illustration at head of title.
=500  \\$aCaption title.
=500  \\$aImprint from colophon.
=500  \\$a"(Núm. 15.)"
=500  \\$aIn two parts.
=599  \\$aItem no. T11 in volume 12330.l.22.v6.$5Uk
=533  \\$aElectronic Reproduction$bLondon$cBritish Library$d2012$nItem no. T11 in volume 12330.l.22.v6.$5Uk
=650  \4$aJuan de la Tierra (Fictitious character)
=650  \4$aSoldados.
=650  \4$aComerciantes.
=653  \1$aJuan de la Tierra (Personaje ficticio)
=655  \7$aChapbooks$zSpain.$2rbgenr
=662  \\$aSpain$dIllescas$2lcsh-naf
=662  \\$aItaly$dNaples$2lcsh-naf
=752  \\$aSpain$dMadrid.
=856  40$uhttp://cudl.lib.cam.ac.uk/view/PR-12330-L-00022-V6-00011$yCambridge Digital Library
=859  \\$aXLD$bCambridge Digital Library
=CAT  \\$aWR14_159$b00$c20141016$lBLL01$h1656
=CAT  \\$aWR14_181$c20150323$lBLL01$h1403
=CAT  \\$aW1606-1753$c20171028$lBLL01$h1604
=SRC  \\$aBLWrongdoing
=LAS  \\$aW1606-1753$b00$c20171028$lBLL01$h1604

