=LDR  01868 am a2200505 a 4500
=001  016894974
=003  Uk
=005  20140317153707.0
=006  m\\\\||\\d\|\\\\\\
=007  cr\|||||||||||
=008  140317q18401874sp\a\\\\o\\\\\000\0\spa\\
=FMT  \\$a  BK
=040  \\$aUkCU$beng$cUkCU$dUk
=100  1\$aOlmo Alfonso, Lucas del.
=245  10$aVerdadera relacion y curioso romance de la vida y muerte del bienaventurado S. Alejo :$bprimera parte.
=246  30$aDel bienaventurado S. Alejo
=260  \\$aMadrid :$bDespacho de Marés y Compañía, calle de Juanelo, núm. 19,$c[between 1840 and 1874]
=300  \\$a1 online resource
=336  \\$atext$2rdacontent
=337  \\$acomputer$2rdamedia
=338  \\$aonline resources$2rdacarrier
=500  \\$aText printed in two columns.
=500  \\$aIn verse.
=500  \\$aIllustration at head of title.
=500  \\$aCaption title.
=500  \\$aImprint from colophon.
=500  \\$a"Núm. 20."
=500  \\$aIn three parts.
=500  \\$aAuthor's name appears at end of p. 8: Alfonso del Olmo.
=599  \\$aItem no. T15 in volume 12330.l.22.v6.$5Uk
=533  \\$aElectronic Reproduction$bLondon$cBritish Library$d2012$nItem no. T15 in volume 12330.l.22.v6.$5Uk
=650  \0$aAlexius,$cSaint
=650  \0$aChristian literature, Spanish
=650  \4$aAlejo, Santo.
=650  \4$aLiteratura religiosa española.
=655  \7$aChapbooks$zSpain.$2rbgenr
=662  \\$aItaly$dRome$2lcsh-naf
=752  \\$aSpain$dMadrid.
=856  40$uhttp://cudl.lib.cam.ac.uk/view/PR-12330-L-00022-V6-00015$yCambridge Digital Library
=859  \\$aXLD$bCambridge Digital Library
=CAT  \\$aWR14_159$b00$c20141016$lBLL01$h1656
=CAT  \\$aWR14_181$c20150323$lBLL01$h1403
=CAT  \\$aW1606-1753$c20171028$lBLL01$h1604
=SRC  \\$aBLWrongdoing
=LAS  \\$aW1606-1753$b00$c20171028$lBLL01$h1604

