=LDR  02052 am a2200505 a 4500
=001  016894976
=003  Uk
=005  20140317165823.0
=006  m\\\\||\\d\|\\\\\\
=007  cr\|||||||||||
=008  140317q18671874sp\a\\\\o\\\\\000\0\spa\\
=FMT  \\$a  BK
=040  \\$aUkCU$beng$cUkCU$dUk
=245  00$aDon Rodulfo de Pedrajas :$bNueva relacion en que se da cuenta de los valerosos hechos y aventuras que le sucedieron á este caballero, y cómo S. M. le premió por sus distinguidas hazañas : primera parte.
=246  30$aNueva relacion en que se da cuenta de los valerosos hechos y aventuras que le sucedieron á este caballero
=260  \\$aMadrid :$bDespacho de Marés y Compañía, Juanelo, 19,$c[between 1867 and 1874?]
=300  \\$a1 online resource
=336  \\$atext$2rdacontent
=337  \\$acomputer$2rdamedia
=338  \\$aonline resources$2rdacarrier
=500  \\$aText printed in two columns.
=500  \\$aIllustration incorporated within title.
=500  \\$aIn verse.
=500  \\$aCaption title.
=500  \\$aImprint from colophon.
=500  \\$a"(Núm. 52.)"
=500  \\$aIn two parts.
=599  \\$aItem no. T30 in volume 12330.l.22.v6.$5Uk
=533  \\$aElectronic Reproduction$bLondon$cBritish Library$d2012$nItem no. T30 in volume 12330.l.22.v6.$5Uk
=650  \0$aBrigands and robbers.
=650  \4$aBandoleros.
=650  \4$aPedrajas, Rodulfo de (Fictitious character)
=653  \1$aPedrajas, Rodulfo de (Personaje ficticio)
=655  \7$aChapbooks$zSpain.$2rbgenr
=662  \\$aSpain$dZaragoza$2lcsh-naf
=662  \\$aSpain$dSeville$2lcsh-naf
=662  \\$aSpain$bCatalonia$2lcsh-naf
=752  \\$aSpain$dMadrid.
=856  40$uhttp://cudl.lib.cam.ac.uk/view/PR-12330-L-00022-V6-00030$yCambridge Digital Library
=859  \\$aXLD$bCambridge Digital Library
=CAT  \\$aWR14_159$b00$c20141016$lBLL01$h1656
=CAT  \\$aWR14_181$c20150323$lBLL01$h1403
=CAT  \\$aW1606-1753$c20171028$lBLL01$h1604
=SRC  \\$aBLWrongdoing
=LAS  \\$aW1606-1753$b00$c20171028$lBLL01$h1604

