=LDR  01777 am a2200481 a 4500
=001  016894980
=003  Uk
=005  20140320160954.0
=006  m\\\\||\\d\|\\\\\\
=007  cr\|||||||||||
=008  140320q18401874sp\a\\\\o\\\\\000\0\spa\\
=FMT  \\$a  BK
=040  \\$aUkCU$beng$cUkCU$dUk
=245  00$aColoquio representativo entre un moro y un cristiano sobre la pureza de Maria y el nacimiento de su Santi simo Hijo.
=246  30$aEntre un moro y un cristiano
=260  \\$aMadrid :$bDespacho de J.M. Marés y Compañía, Juanelo, 19,$c[between 1840 and 1874]
=300  \\$a1 online resource
=336  \\$atext$2rdacontent
=337  \\$acomputer$2rdamedia
=338  \\$aonline resources$2rdacarrier
=500  \\$aText printed in two columns.
=500  \\$aIn verse.
=500  \\$aIllustration at head of title.
=500  \\$aCaption title.
=500  \\$aImprint from colophon.
=500  \\$a"(Núm. 62.)"
=599  \\$aItem no. T35* in volume 12330.l.22.v6.$5Uk
=533  \\$aElectronic Reproduction$bLondon$cBritish Library$d2012$nItem no. T35* in volume 12330.l.22.v6.$5Uk
=600  00$aMary,$cBlessed Virgin, Saint.
=600  00$aJesus Christ.
=600  04$aVirgen María.
=600  04$aJesucristo.
=650  \0$aChristian literature, Spanish.
=650  \4$aLiteratura religiosa española.
=655  \7$aChapbooks$zSpain.$2rbgenr
=752  \\$aSpain$dMadrid.
=856  40$uhttp://cudl.lib.cam.ac.uk/view/PR-12330-L-00022-V6-00035-ASTERISK$yCambridge Digital Library
=859  \\$aXLD$bCambridge Digital Library
=CAT  \\$aWR14_159$b00$c20141016$lBLL01$h1656
=CAT  \\$aWR14_181$c20150323$lBLL01$h1403
=CAT  \\$aW1606-1753$c20171028$lBLL01$h1604
=SRC  \\$aBLWrongdoing
=LAS  \\$aW1606-1753$b00$c20171028$lBLL01$h1604

