=LDR  02375 am a2200505 a 4500
=001  016894982
=003  Uk
=005  20140320164459.0
=006  m\\\\||\\d\|\\\\\\
=007  cr\|||||||||||
=008  140320q18441864sp\a\\\\o\\\\\000\0\spa\\
=FMT  \\$a  BK
=040  \\$aUkCU$beng$cUkCU$dUk
=245  03$aEl casamiento entre dos damas :$bRomance en en que se refieren los sucesos de una señora, natural de la ciudad de Viena, corte del Imperio, y la varia fortuna que tuvo, habiéndose salido de su patria en busca de un amante suyo : primera parte.
=246  30$aRomance en en que se refieren los sucesos de una señora, natural de la ciudad de Viena
=260  \\$aCarmona :$bImprenta y librería de D. José M. Moreno, calle de Madre de Dios,$c[between 1844 and 1864?]
=300  \\$a1 online resource
=336  \\$atext$2rdacontent
=337  \\$acomputer$2rdamedia
=338  \\$aonline resources$2rdacarrier
=500  \\$aText printed in two columns.
=500  \\$aIllustration at head of title; second part with additional illustration at head of title.
=500  \\$aIn verse.
=500  \\$aCaption title.
=500  \\$aImprint from colophon.
=500  \\$a"Núm. 65."
=500  \\$aIn two parts. Part two has title: "Romance en que se finalizan los sucesos de esta principal señora, con el mas raro caso que han visto los nacidos, como lo verá e curioso en esta segunda parte."
=599  \\$aItem no. T37 in volume 12330.l.22.v6.$5Uk
=533  \\$aElectronic Reproduction$bLondon$cBritish Library$d2012$nItem no. T37 in volume 12330.l.22.v6.$5Uk
=650  \0$aSex role.
=650  \0$aMistaken identity.
=650  \4$aRol sexual.
=653  \0$aFalsificación de identidad.
=655  \7$aChapbooks$zSpain.$2rbgenr
=662  \\$aAustria$dVienna$2lcsh-naf
=662  \\$aGreece$2lcsh-naf
=740  02$aSegunda parte, en que se finalizan los varios sucesos de doña Gertrudis, con el mas raro caso que han visto los nacidos.
=752  \\$aSpain$dCarmona (Seville)
=856  40$uhttp://cudl.lib.cam.ac.uk/view/PR-12330-L-00022-V6-00037$yCambridge Digital Library
=859  \\$aXLD$bCambridge Digital Library
=CAT  \\$aWR14_159$b00$c20141016$lBLL01$h1656
=CAT  \\$aWR14_181$c20150323$lBLL01$h1403
=CAT  \\$aW1606-1753$c20171028$lBLL01$h1604
=SRC  \\$aBLWrongdoing
=LAS  \\$aW1606-1753$b00$c20171028$lBLL01$h1604

