=LDR  02076 am a2200529 a 4500
=001  016894985
=003  Uk
=005  20140320165913.0
=006  m\\\\||\\d\|\\\\\\
=007  cr\|||||||||||
=008  140320q18751880sp\a\\\\o\\\\\000\0\spa\d
=FMT  \\$a  BK
=040  \\$aUkCU$beng$cUkCU$dUk
=245  00$aCancion nueva de Abelardo y Eloisa.
=260  \\$aMadrid :$bDespacho, Juanelo, núm. 19,$c[between 1875 and 1880?]
=300  \\$a1 online resource
=336  \\$atext$2rdacontent
=337  \\$acomputer$2rdamedia
=338  \\$aonline resources$2rdacarrier
=500  \\$aText printed in two columns.
=500  \\$aIn verse.
=500  \\$aTwo separate illustrations at head of title.
=500  \\$aCaption title.
=500  \\$aImprint from colophon.
=500  \\$a"Núm. 70."
=500  \\$a"Vida y amores de Abelardo y Eloisa": p. [2].
=500  \\$a"Cancion de la triste Corina, lamentándose de la ingratitud de Oswaldo, su falso y cruel amante": p. [3-4].
=599  \\$aItem no. T41 in volume 12330.l.22.v6.$5Uk
=533  \\$aElectronic Reproduction$bLondon$cBritish Library$d2012$nItem no. T41 in volume 12330.l.22.v6.$5Uk
=600  10$aAbelard, Peter,$d1079-1142.
=600  00$aHéloisa,$d1101-1164.
=600  14$aAbelardo, Pedro,$d1079-1142.
=600  04$aHéloïse,$dapproximately 1095-1163 or 1164.
=650  \0$aSongs, Spanish$vTexts.
=653  \0$aCanciones españolas--Textos.
=655  \7$aChapbooks$zSpain.$2rbgenr
=740  02$aVida y amores de Abelardo y Eloisa.
=740  02$aCancion de la triste Corina, lamentándose de la ingratitud de Oswaldo, su falso y cruel amante.
=752  \\$aSpain$dMadrid.
=856  40$uhttp://cudl.lib.cam.ac.uk/view/PR-12330-L-00022-V6-00041$yCambridge Digital Library
=859  \\$aXLD$bCambridge Digital Library
=CAT  \\$aWR14_159$b00$c20141016$lBLL01$h1656
=CAT  \\$aWR14_181$c20150323$lBLL01$h1403
=CAT  \\$a5194$b40$c20151021$lBLL01$h1043
=CAT  \\$aW1606-1753$c20171028$lBLL01$h1604
=SRC  \\$aBLWrongdoing
=LAS  \\$aW1606-1753$b00$c20171028$lBLL01$h1604

