=LDR  01676 am a2200469 a 4500
=001  016894986
=003  Uk
=005  20140320170215.0
=006  m\\\\||\\d\|\\\\\\
=007  cr\|||||||||||
=008  140320q18751880sp\a\\\\o\\\\\000\0\spa\d
=FMT  \\$a  BK
=040  \\$aUkCU$beng$cUkCU$dUk
=245  00$aCancion fúnebre de Chactas americano :$bá la prematura muerte de su querida Atala.
=260  \\$aMadrid :$bDespacho, calle de Juanelo, núm. 19,$c[between 1875 and 1880?]
=300  \\$a1 online resource
=336  \\$atext$2rdacontent
=337  \\$acomputer$2rdamedia
=338  \\$aonline resources$2rdacarrier
=500  \\$aText chiefly printed in two columns.
=500  \\$aIn verse, with some prose.
=500  \\$aIllustration at head of title.
=500  \\$aCaption title.
=500  \\$aImprint from colophon.
=500  \\$a"(Núm. 71.)"
=500  \\$a"Compendio de la historia de Atala": p. [3-4].
=599  \\$aItem no. T42 in volume 12330.l.22.v6.$5Uk
=533  \\$aElectronic Reproduction$bLondon$cBritish Library$d2012$nItem no. T42 in volume 12330.l.22.v6.$5Uk
=650  \0$aDeath.
=650  \0$aGrief.
=650  \4$aMuerte.
=650  \4$aPena.
=655  \7$aChapbooks$zSpain.$2rbgenr
=740  02$aCompendio de la historia de Atala.
=752  \\$aSpain$dMadrid.
=856  40$uhttp://cudl.lib.cam.ac.uk/view/PR-12330-L-00022-V6-00042$yCambridge Digital Library
=859  \\$aXLD$bCambridge Digital Library
=CAT  \\$aWR14_159$b00$c20141016$lBLL01$h1656
=CAT  \\$aWR14_181$c20150323$lBLL01$h1403
=CAT  \\$aW1606-1753$c20171028$lBLL01$h1604
=SRC  \\$aBLWrongdoing
=LAS  \\$aW1606-1753$b00$c20171028$lBLL01$h1604

