=LDR  01701 am a2200493 a 4500
=001  016894987
=003  Uk
=005  20140320171051.0
=006  m\\\\||\\d\|\\\\\\
=007  cr\|||||||||||
=008  140320q18441874sp\a\\\\o\\\\\000\0\spa\\
=FMT  \\$a  BK
=040  \\$aUkCU$beng$cUkCU$dUk
=245  00$aRomance de la baraja.
=246  30$aDe la baraja
=260  \\$aCarmona :$bImp. de D. José M. Moreno, calle Madre de Dios,$c[between 1844 and 1864?]
=300  \\$a1 online resource
=336  \\$atext$2rdacontent
=337  \\$acomputer$2rdamedia
=338  \\$aonline resources$2rdacarrier
=500  \\$aText printed in two columns.
=500  \\$aIn verse.
=500  \\$aIllustration at head of title.
=500  \\$aCaption title.
=500  \\$aImprint from colophon.
=500  \\$a"Núm. 76."
=599  \\$aItem no. T45 in volume 12330.l.22.v6.$5Uk
=533  \\$aElectronic Reproduction$bLondon$cBritish Library$d2012$nItem no. T45 in volume 12330.l.22.v6.$5Uk
=650  \4$aMiguel de Ricart (Fictitious character)
=650  \0$aSatire, Spanish.
=650  \4$aSátira española.
=650  \4$aSoldados.
=650  \4$aBarajas.
=653  \1$aMiguel de Ricart (Personaje ficticio)
=655  \7$aChapbooks$zSpain.$2rbgenr
=662  \\$aBelarus$dBrest$2lcsh-naf
=752  \\$aSpain$dCarmona (Seville)
=856  40$uhttp://cudl.lib.cam.ac.uk/view/PR-12330-L-00022-V6-00045$yCambridge Digital Library
=859  \\$aXLD$bCambridge Digital Library
=CAT  \\$aWR14_159$b00$c20141016$lBLL01$h1656
=CAT  \\$aWR14_181$c20150323$lBLL01$h1403
=CAT  \\$aW1606-1753$c20171028$lBLL01$h1604
=SRC  \\$aBLWrongdoing
=LAS  \\$aW1606-1753$b00$c20171028$lBLL01$h1604

