=LDR  01984 am a2200493 a 4500
=001  016894988
=003  Uk
=005  20140320171827.0
=006  m\\\\||\\d\|\\\\\\
=007  cr\|||||||||||
=008  140320s1846\\\\sp\a\\\\o\\\\\000\0\spa\\
=FMT  \\$a  BK
=040  \\$aUkCU$beng$cUkCU$dUk
=245  00$aChiste nuevo de Don Agustin que sonaba el violin, ó sea, El marido generoso.
=246  30$aDe Don Agustin
=246  33$aMarido generoso
=260  \\$aMadrid :$bImprenta de D. José Maria Marés, Corredera baja de San Pablo, núm. 27,$c1846.
=300  \\$a1 online resource
=336  \\$atext$2rdacontent
=337  \\$acomputer$2rdamedia
=338  \\$aonline resources$2rdacarrier
=500  \\$aText printed in two columns.
=500  \\$aThree separate illustrations at head of title.
=500  \\$aIn verse.
=500  \\$aCaption title.
=500  \\$aImprint from colophon.
=500  \\$a"Núm. 81."
=500  \\$a"Cancion divertida en la que se refiere el regalo que le hizo una señorita á un caballero ingles, y lo que á este le resultó poco tiempo despues: p. [4].
=599  \\$aItem no. T48 in volume 12330.l.22.v6.$5Uk
=533  \\$aElectronic Reproduction$bLondon$cBritish Library$d2012$nItem no. T48 in volume 12330.l.22.v6.$5Uk
=650  \0$aSatire, Spanish.
=650  \0$aSongs, Spanish$vTexts.
=650  \4$aSátira española.
=653  \0$aCanciones españolas--Textos.
=655  \7$aChapbooks$zSpain.$2rbgenr
=740  02$aCancion divertida en la que se refiere el regalo que le hizo una señorita á un caballero ingles.
=752  \\$aSpain$dMadrid.
=856  40$uhttp://cudl.lib.cam.ac.uk/view/PR-12330-L-00022-V6-00048$yCambridge Digital Library
=859  \\$aXLD$bCambridge Digital Library
=CAT  \\$aWR14_159$b00$c20141016$lBLL01$h1656
=CAT  \\$aWR14_181$c20150323$lBLL01$h1403
=CAT  \\$aW1606-1753$c20171028$lBLL01$h1604
=SRC  \\$aBLWrongdoing
=LAS  \\$aW1606-1753$b00$c20171028$lBLL01$h1604

