=LDR  01942 am a2200505 a 4500
=001  016894993
=003  Uk
=005  20140321120019.0
=006  m\\\\||\\d\|\\\\\\
=007  cr\|||||||||||
=008  140321q18401874sp\a\\\\o\\\\\000\0\spa\d
=FMT  \\$a  BK
=040  \\$aUkCU$beng$cUkCU$dUk
=245  03$aDecimas glosadas :$bDisputa entre el cuatro y el tres.
=246  30$aDisputa entre el cuatro y el tres
=260  \\$aMadrid :$bDespacho de J.M. Marés y Compañia, Juanelo 19,$c[between 1840 and 1874]
=300  \\$a1 online resource
=336  \\$atext$2rdacontent
=337  \\$acomputer$2rdamedia
=338  \\$aonline resources$2rdacarrier
=500  \\$aText printed in two columns.
=500  \\$aIn verse.
=500  \\$aTwo separate illustrations at head of title.
=500  \\$aCaption title.
=500  \\$aImprint from colophon.
=500  \\$a"Núm. 86."
=500  \\$a"Disputa entre un moro y un cristiano": p. [2].
=500  \\$a"Decimas para los aficionados a lo divino": p. [2-3].
=500  \\$a"Cuarteta glosada en alabanza de María": p. [4].
=599  \\$aItem no. T52 in volume 12330.l.22.v6.$5Uk
=533  \\$aElectronic Reproduction$bLondon$cBritish Library$d2012$nItem no. T52 in volume 12330.l.22.v6.$5Uk
=650  \0$aSongs, Spanish$vTexts.
=653  \0$aCanciones españolas--Textos.
=655  \7$aChapbooks$zSpain.$2rbgenr
=740  02$aDisputa entre un moro y un cristiano.
=740  02$aDecimas para los aficionados a lo divino.
=740  02$aCuarteta glosada en alabanza de María.
=752  \\$aSpain$dMadrid.
=856  40$uhttp://cudl.lib.cam.ac.uk/view/PR-12330-L-00022-V6-00052$yCambridge Digital Library
=859  \\$aXLD$bCambridge Digital Library
=CAT  \\$aWR14_159$b00$c20141016$lBLL01$h1656
=CAT  \\$aWR14_181$c20150323$lBLL01$h1403
=CAT  \\$aW1606-1753$c20171028$lBLL01$h1604
=SRC  \\$aBLWrongdoing
=LAS  \\$aW1606-1753$b00$c20171028$lBLL01$h1604

