=LDR  01585 am a2200433 a 4500
=001  016894995
=003  Uk
=005  20140321120712.0
=006  m\\\\||\\d\|\\\\\\
=007  cr\|||||||||||
=008  140321q18401874sp\a\\\\o\\\\\000\p\spa\\
=FMT  \\$a  BK
=040  \\$aUkCU$beng$cUkCU$dUk
=245  00$aTrovos nuevos para damas y galanes :$bexpresándose varios lances que acontecen entre los enamorados.
=260  \\$aMadrid :$bDespacho de Marés y Compañia, Juanelo 19,$c[between 1840 and 1874]
=300  \\$a1 online resource
=336  \\$atext$2rdacontent
=337  \\$acomputer$2rdamedia
=338  \\$aonline resources$2rdacarrier
=500  \\$aText printed in two columns.
=500  \\$aTwo separate illustrations at head of title.
=500  \\$aIn verse.
=500  \\$aCaption title.
=500  \\$aImprint from colophon.
=500  \\$a"(Núm. 88.)"
=599  \\$aItem no. T54 in volume 12330.l.22.v6.$5Uk
=533  \\$aElectronic Reproduction$bLondon$cBritish Library$d2012$nItem no. T54 in volume 12330.l.22.v6.$5Uk
=650  \0$aSongs, Spanish$vTexts.
=650  \0$aCourtship.
=650  \4$aCortejo amoroso.
=653  \0$aCanciones españolas--Textos.
=752  \\$aSpain$dMadrid.
=856  40$uhttp://cudl.lib.cam.ac.uk/view/PR-12330-L-00022-V6-00054$yCambridge Digital Library
=859  \\$aXLD$bCambridge Digital Library
=CAT  \\$aWR14_159$b00$c20141016$lBLL01$h1656
=CAT  \\$aWR14_181$c20150323$lBLL01$h1403
=CAT  \\$aW1606-1753$c20171028$lBLL01$h1604
=SRC  \\$aBLWrongdoing
=LAS  \\$aW1606-1753$b00$c20171028$lBLL01$h1604

