=LDR  02359 am a2200505 a 4500
=001  016894998
=003  Uk
=005  20150225124250.0
=006  m\\\\||\\d\|\\\\\\
=007  cr\|||||||||||
=008  140321q18441864sp\a\\\\o\\\\\000\0\spa\\
=FMT  \\$a  BK
=040  \\$aUkCU$beng$cUkCU$dUk
=245  00$aDespertador espiritual :$bCurioso romance en el que se espresan las voces con que se ha de despertar al pecador, que por su gran desdicha se esta durmiendo en el pecado : primera patte [sic].
=246  30$aCurioso romance en el que se espresan las voces con que se ha de despertar al pecador
=260  \\$aCarmona :$bImp. de D. José Maria Moreno, calle de Madre de Dios,$c[between 1844 and 1864?]
=300  \\$a1 online resource
=336  \\$atext$2rdacontent
=337  \\$acomputer$2rdamedia
=338  \\$aonline resources$2rdacarrier
=500  \\$aText printed in two columns.
=500  \\$aIn verse.
=500  \\$aIllustration incorporated within title.
=500  \\$aCaption title.
=500  \\$aImprint from colophon.
=500  \\$a"Número 91."
=500  \\$aIn two parts. Part two has title: "Segunda parte del despertador espiritual, en que se declara que no hay cosa que mas despierte al pecador que la memoria de la muerte, los tormentos del infierno y los deleites de la Gloria."
=599  \\$aItem no. T57 in volume 12330.l.22.v6.$5Uk
=599  \\$aThe three last letters of "Número" at head of title are printed upside down.$5Uk
=533  \\$aElectronic Reproduction$bLondon$cBritish Library$d2012$nItem no. T57 in volume 12330.l.22.v6.$nThe three last letters of "Número" at head of title are printed upside down.$5Uk
=655  \7$aChapbooks$zSpain.$2rbgenr
=650  \0$aDevotional literature, Spanish.
=650  \0$aSin.
=650  \4$aLiteratura española devocional.
=650  \4$aPecado.
=740  02$aSegunda parte del despertador espiritual.
=752  \\$aSpain$dCarmona (Seville)
=856  40$uhttp://cudl.lib.cam.ac.uk/view/PR-12330-L-00022-V6-00057$yCambridge Digital Library
=859  \\$aXLD$bCambridge Digital Library
=CAT  \\$aWR14_159$b00$c20141016$lBLL01$h1656
=CAT  \\$a2833$b40$c20150225$lBLL01$h1242
=CAT  \\$aWR14_181$c20150323$lBLL01$h1403
=CAT  \\$aW1606-1753$c20171028$lBLL01$h1604
=SRC  \\$aBLWrongdoing
=LAS  \\$aW1606-1753$b00$c20171028$lBLL01$h1604

