=LDR  01842 am a2200493 a 4500
=001  016895004
=003  Uk
=005  20140321140831.0
=006  m\\\\||\\d\|\\\\\\
=007  cr\|||||||||||
=008  140321q18671874sp\a\\\\o\\\\\000\0\spa\\
=FMT  \\$a  BK
=040  \\$aUkCU$beng$cUkCU$dUk
=245  00$aCoplas de la jota :$bpara que los enamorados las canten a la puerta de sus damas.
=260  \\$aMadrid :$bDespacho de Marés y Compañía, Juanelo, 19,$c[[between 1867 and 1874?]
=300  \\$a1 online resource
=336  \\$atext$2rdacontent
=337  \\$acomputer$2rdamedia
=338  \\$aonline resources$2rdacarrier
=500  \\$aText printed in two columns.
=500  \\$aIn verse.
=500  \\$aFour separate illustrations at head of title.
=500  \\$aCaption title.
=500  \\$aImprint from colophon.
=500  \\$a"(Núm. 97.)"
=500  \\$a"Otras jotas para cantar las damas a sus galanes": p. [3-4].
=500  \\$a"Coplas a las viuditas": p. [4].
=599  \\$aItem no. T63 in volume 12330.l.22.v6.$5Uk
=533  \\$aElectronic Reproduction$bLondon$cBritish Library$d2012$nItem no. T63 in volume 12330.l.22.v6.$5Uk
=650  \0$aSongs, Spanish$vTexts.
=650  \0$aCourtship.
=650  \4$aCortejo amoroso.
=653  \0$aCanciones españolas--Textos.
=655  \7$aChapbooks$zSpain.$2rbgenr
=740  02$aOtras jotas para cantar las damas a sus galanes.
=740  02$aCoplas a las viuditas.
=752  \\$aSpain$dMadrid.
=856  40$uhttp://cudl.lib.cam.ac.uk/view/PR-12330-L-00022-V6-00063$yCambridge Digital Library
=859  \\$aXLD$bCambridge Digital Library
=CAT  \\$aWR14_159$b00$c20141016$lBLL01$h1656
=CAT  \\$aWR14_181$c20150323$lBLL01$h1403
=CAT  \\$aW1606-1753$c20171028$lBLL01$h1604
=SRC  \\$aBLWrongdoing
=LAS  \\$aW1606-1753$b00$c20171028$lBLL01$h1604

