=LDR  01933 am a2200505 a 4500
=001  016895007
=003  Uk
=005  20140321144821.0
=006  m\\\\||\\d\|\\\\\\
=007  cr\|||||||||||
=008  140321q18671874sp\a\\\\o\\\\\000\0\spa\\
=FMT  \\$a  BK
=040  \\$aUkCU$beng$cUkCU$dUk
=043  \\$ae-sp---
=245  00$aCancion andaluza de Diego Corrientes y habaneras.
=260  \\$aMadrid :$bDespacho de Marés y Compañía, calle de Juanelo, núm. 19,$c[between 1867 and 1874?]
=300  \\$a1 online resource
=336  \\$atext$2rdacontent
=337  \\$acomputer$2rdamedia
=338  \\$aonline resources$2rdacarrier
=500  \\$aText printed in two columns.
=500  \\$aIllustration at head of title.
=500  \\$aIn verse.
=500  \\$aCaption title.
=500  \\$aImprint from colophon.
=500  \\$a"(Núm. 105.)"
=500  \\$a"Habaneras para los chulos y manolas del barrio de Lavapiés de Madrid": p. [3-4].
=599  \\$aItem no. T69 in volume 12330.l.22.v6.$5Uk
=533  \\$aElectronic Reproduction$bLondon$cBritish Library$d2012$nItem no. T69 in volume 12330.l.22.v6.$5Uk
=600  10$aCorrientes, Diego,$d1757-1781$vFiction.
=600  14$aCorrientes, Diego,$d1757-1781$vNovela.
=650  \0$aBrigands and robbers$zSpain$zAndalusia$vFiction.
=650  \4$aBandoleros$zEspaña$zAndalucía$vNovela.
=650  \0$aSongs, Spanish$vTexts.
=653  \0$aCanciones españolas--Textos.
=655  \7$aChapbooks$zSpain.$2rbgenr
=662  \\$aSpain$dLavapiés (Madrid)$2lcsh-naf
=752  \\$aSpain$dMadrid.
=856  40$uhttp://cudl.lib.cam.ac.uk/view/PR-12330-L-00022-V6-00069$yCambridge Digital Library
=859  \\$aXLD$bCambridge Digital Library
=CAT  \\$aWR14_159$b00$c20141016$lBLL01$h1656
=CAT  \\$aWR14_181$c20150323$lBLL01$h1403
=CAT  \\$aW1606-1753$c20171028$lBLL01$h1604
=SRC  \\$aBLWrongdoing
=LAS  \\$aW1606-1753$b00$c20171028$lBLL01$h1604

