=LDR  01943 am a2200505 a 4500
=001  016895012
=003  Uk
=005  20140321151331.0
=006  m\\\\||\\d\|\\\\\\
=007  cr\|||||||||||
=008  140321q18751880sp\a\\\\o\\\\\000\0\spa\\
=FMT  \\$a  BK
=040  \\$aUkCU$beng$cUkCU$dUk
=245  03$aEl alarbe de Marsella :$bEjemplar castigo que ha ejecutado Dios nuestro Señor con un caballero de la ciudad de Marsella, por varias muertes y otras atrocidades que habia practicado.
=246  30$aEjemplar castigo que ha ejecutado Dios nuestro Señor con un caballero de la ciudad de Marsella
=260  \\$a[Madrid] :$bDespacho, calle de Juanelo, núm. 19,$c[between 1875 and 1880?]
=300  \\$a1 online resource
=336  \\$atext$2rdacontent
=337  \\$acomputer$2rdamedia
=338  \\$aonline resources$2rdacarrier
=500  \\$aText printed in two columns.
=500  \\$aIn verse.
=500  \\$aTwo separate illustrations incorporated within title.
=500  \\$aCaption title.
=500  \\$aImprint from colophon.
=500  \\$a"Núm. 115."
=599  \\$aItem no. T74 in volume 12330.l.22.v6.$5Uk
=533  \\$aElectronic Reproduction$bLondon$cBritish Library$d2012$nItem no. T74 in volume 12330.l.22.v6.$5Uk
=650  \0$aFratricide.
=650  \0$aParricide.
=650  \0$aJudgment of God.
=650  \0$aChristianity and justice.
=650  \4$aFratricidio.
=650  \4$aParricidio.
=653  \0$aJusticia divina.
=655  \7$aChapbooks$zSpain.$2rbgenr
=662  \\$aFrance$dMarseille$2lcsh-naf
=752  \\$aSpain$dMadrid.
=856  40$uhttp://cudl.lib.cam.ac.uk/view/PR-12330-L-00022-V6-00074$yCambridge Digital Library
=859  \\$aXLD$bCambridge Digital Library
=CAT  \\$aWR14_159$b00$c20141016$lBLL01$h1656
=CAT  \\$aWR14_181$c20150323$lBLL01$h1403
=CAT  \\$aW1606-1753$c20171028$lBLL01$h1604
=SRC  \\$aBLWrongdoing
=LAS  \\$aW1606-1753$b00$c20171028$lBLL01$h1604

