=LDR  01811 am a2200457 a 4500
=001  016895014
=003  Uk
=005  20140321152009.0
=006  m\\\\||\\d\|\\\\\\
=007  cr\|||||||||||
=008  140321q18401874sp\a\\\\o\\\\\000\0\spa\\
=FMT  \\$a  BK
=040  \\$aUkCU$beng$cUkCU$dUk
=245  04$aLos enamorados de Cristo :$bRelacion en que se declara el argumento que han tenido tres religiosos con el Santo Padre.
=246  30$aRelacion en que se declara el argumento que han tenido tres religiosos con el Santo Padre
=260  \\$aMadrid :$bDespacho de Marés y Compañía, calle de Juanelo, núm. 19,$c[between 1840 and 1874]
=300  \\$a1 online resource
=336  \\$atext$2rdacontent
=337  \\$acomputer$2rdamedia
=338  \\$aonline resources$2rdacarrier
=500  \\$aText printed in two columns.
=500  \\$aIn verse.
=500  \\$aIllustration incorporated within title.
=500  \\$aCaption title.
=500  \\$aImprint from colophon.
=500  \\$a"(Núm. 130.)"
=599  \\$aItem no. T76 in volume 12330.l.22.v6.$5Uk
=533  \\$aElectronic Reproduction$bLondon$cBritish Library$d2012$nItem no. T76 in volume 12330.l.22.v6.$5Uk
=600  00$aJesus Christ$xWorship and love.
=600  04$aJesucristo$xVeneración y amor.
=650  \0$aChristian literature, Spanish.
=650  \4$aLiteratura religiosa española.
=655  \7$aChapbooks$zSpain.$2rbgenr
=752  \\$aSpain$dMadrid.
=856  40$uhttp://cudl.lib.cam.ac.uk/view/PR-12330-L-00022-V6-00076$yCambridge Digital Library
=859  \\$aXLD$bCambridge Digital Library
=CAT  \\$aWR14_159$b00$c20141016$lBLL01$h1656
=CAT  \\$aWR14_181$c20150323$lBLL01$h1403
=CAT  \\$aW1606-1753$c20171028$lBLL01$h1604
=SRC  \\$aBLWrongdoing
=LAS  \\$aW1606-1753$b00$c20171028$lBLL01$h1604

