=LDR  01899 am a2200469 a 4500
=001  016895015
=003  Uk
=005  20140321152507.0
=006  m\\\\||\\d\|\\\\\\
=007  cr\|||||||||||
=008  140321q18441864sp\a\\\\o\\\\\000\0\spa\d
=FMT  \\$a  BK
=040  \\$aUkCU$beng$cUkCU$dUk
=245  00$aNuevo y discreto romance, en que se declaran los amores mas firmes y constantes, las valentías y desgarros de Don Cárlos de Mendoza, y de Doña Angela de Alí :$bcon lo demás que verá el curioso lector.
=260  \\$aCarmona :$bImp. y lib. de D. José M. Moreno, calle de Madre de Dios, 1,$c[between 1844 and 1864?]
=300  \\$a1 online resource
=336  \\$atext$2rdacontent
=337  \\$acomputer$2rdamedia
=338  \\$aonline resources$2rdacarrier
=500  \\$aText printed in two columns.
=500  \\$aIn verse.
=500  \\$aTwo separate illustrations at head of title.
=500  \\$aCaption title.
=500  \\$aImprint from colophon.
=500  \\$a"Núm. 160."
=599  \\$aItem no. T77 in volume 12330.l.22.v6.$5Uk
=533  \\$aElectronic Reproduction$bLondon$cBritish Library$d2012$nItem no. T77 in volume 12330.l.22.v6.$5Uk
=650  \4$aCarlos de Mendoza (Fictitious character)
=650  \4$aAngela de Alí (Fictitious character)
=650  \0$aCourtship.
=650  \4$aCortejo amoroso.
=653  \1$aCarlos de Mendoza (Personaje ficticio)
=653  \1$aAngela de Alí (Personaje ficticio)
=655  \7$aChapbooks$zSpain.$2rbgenr
=752  \\$aSpain$dCarmona (Seville)
=856  40$uhttp://cudl.lib.cam.ac.uk/view/PR-12330-L-00022-V6-00077$yCambridge Digital Library
=859  \\$aXLD$bCambridge Digital Library
=CAT  \\$aWR14_159$b00$c20141016$lBLL01$h1656
=CAT  \\$aWR14_181$c20150323$lBLL01$h1403
=CAT  \\$aW1606-1753$c20171028$lBLL01$h1604
=SRC  \\$aBLWrongdoing
=LAS  \\$aW1606-1753$b00$c20171028$lBLL01$h1604

