=LDR  02074 am a2200457 a 4500
=001  016895018
=003  Uk
=005  20140321153650.0
=006  m\\\\||\\d\|\\\\\\
=007  cr\|||||||||||
=008  140321q18441864sp\a\\\\o\\\\\000\0\spa\d
=FMT  \\$a  BK
=040  \\$aUkCU$beng$cUkCU$dUk
=245  03$aLa princesa Ismenia :$bVerdadero y curioso romance de la princesa Ismenia, hermana del Gran Turco Osmán, en que se declara y dà cuenta de la embajada que envió Osmán á nuestro rey de España Felipe II, la respuesta que se le volvió y el fin desesperado que tuvo la princesa, como lo verá el curioso lector.
=246  30$aVerdadero y curioso romance de la princesa Ismenia
=260  \\$aCarmona :$bImp. y lib. de D. José M. Moreno, Madre de Dios, 1,$c[between 1844 and 1864?]
=300  \\$a1 online resource
=336  \\$atext$2rdacontent
=337  \\$acomputer$2rdamedia
=338  \\$aonline resources$2rdacarrier
=500  \\$aText printed in two columns.
=500  \\$aIn verse.
=500  \\$aTwo separate illustrations at head of title.
=500  \\$aCaption title.
=500  \\$aImprint from colophon.
=500  \\$a"Núm. 178."
=599  \\$aItem no. T80 in volume 12330.l.22.v6.$5Uk
=533  \\$aElectronic Reproduction$bLondon$cBritish Library$d2012$nItem no. T80 in volume 12330.l.22.v6.$5Uk
=600  00$aOsman$bII,$cSultan of the Turks,$d1603-1622$vFiction.
=600  04$aOsman$bII,$cSultan de los Turcos,$d1603-1622$vFicción.
=651  \0$aSpain$xHistory$yHouse of Austria, 1516-1700$vFiction.
=651  \4$aEspaña$xHistoria$yCasa de Austria, 1516-1700$vFicción.
=655  \7$aChapbooks$zSpain.$2rbgenr
=752  \\$aSpain$dCarmona (Seville)
=856  40$uhttp://cudl.lib.cam.ac.uk/view/PR-12330-L-00022-V6-00080$yCambridge Digital Library
=859  \\$aXLD$bCambridge Digital Library
=CAT  \\$aWR14_159$b00$c20141016$lBLL01$h1656
=CAT  \\$aWR14_181$c20150323$lBLL01$h1403
=CAT  \\$aW1606-1753$c20171028$lBLL01$h1604
=SRC  \\$aBLWrongdoing
=LAS  \\$aW1606-1753$b00$c20171028$lBLL01$h1604

