=LDR  01604 am a2200445 a 4500
=001  016895019
=003  Uk
=005  20140321154101.0
=006  m\\\\||\\d\|\\\\\\
=007  cr\|||||||||||
=008  140321q18401874sp\a\\\\o\\\\\000\0\spa\d
=FMT  \\$a  BK
=040  \\$aUkCU$beng$cUkCU$dUk
=245  00$aCancion del barquillero.
=246  30$aBarquillero
=260  \\$aCarmona :$bImp. de D. José María Moreno, calle Madre de Dios, n. 1,$c[between 1844 and 1864?]
=300  \\$a1 online resource
=336  \\$atext$2rdacontent
=337  \\$acomputer$2rdamedia
=338  \\$aonline resources$2rdacarrier
=500  \\$aText printed in two columns.
=500  \\$aIn verse.
=500  \\$aIllustration at head of title.
=500  \\$aCaption title.
=500  \\$aImprint from colophon.
=500  \\$a"Núm. 216."
=505  0\$aCancion de la cantinera -- La Manola -- El contrabandista.
=599  \\$aItem no. T81 in volume 12330.l.22.v6.$5Uk
=533  \\$aElectronic Reproduction$bLondon$cBritish Library$d2012$nItem no. T81 in volume 12330.l.22.v6.$5Uk
=650  \0$aSongs, Spanish$vTexts.
=653  \0$aCanciones españolas--Textos.
=655  \7$aChapbooks$zSpain.$2rbgenr
=752  \\$aSpain$dCarmona (Seville)
=856  40$uhttp://cudl.lib.cam.ac.uk/view/PR-12330-L-00022-V6-00081$yCambridge Digital Library
=859  \\$aXLD$bCambridge Digital Library
=CAT  \\$aWR14_159$b00$c20141016$lBLL01$h1656
=CAT  \\$aWR14_181$c20150323$lBLL01$h1403
=CAT  \\$aW1606-1753$c20171028$lBLL01$h1604
=SRC  \\$aBLWrongdoing
=LAS  \\$aW1606-1753$b00$c20171028$lBLL01$h1604

