=LDR  01685 am a2200457 a 4500
=001  016895021
=003  Uk
=005  20140321155015.0
=006  m\\\\||\\d\|\\\\\\
=007  cr\|||||||||||
=008  140321s1860\\\\sp\a\\\\o\\\\\000\0\spa\d
=FMT  \\$a  BK
=040  \\$aUkCU$beng$cUkCU$dUk
=245  00$aAdmirable historia del principe Filiberto de Esparta y la princesa de Dinamarca :$bprimera parte.
=260  \\$aCarmona :$bImprenta de D. José M. Moreno, calle de Madre de Dios, núm. 1,$c1860.
=300  \\$a1 online resource
=336  \\$atext$2rdacontent
=337  \\$acomputer$2rdamedia
=338  \\$aonline resources$2rdacarrier
=500  \\$aText printed in two columns.
=500  \\$aIn verse.
=500  \\$aThree separate illustrations at head of title; second part with additional illustration at head of title.
=500  \\$aCaption title.
=500  \\$aImprint from colophon.
=500  \\$a"Núm. 298."
=500  \\$aIn two parts.
=599  \\$aItem no. T83 in volume 12330.l.22.v6.$5Uk
=533  \\$aElectronic Reproduction$bLondon$cBritish Library$d2012$nItem no. T83 in volume 12330.l.22.v6.$5Uk
=650  \0$aLoyalty.
=650  \4$aLealtad.
=650  \4$aPrincesas.
=650  \4$aJardineros.
=655  \7$aChapbooks$zSpain.$2rbgenr
=752  \\$aSpain$dCarmona (Seville)
=856  40$uhttp://cudl.lib.cam.ac.uk/view/PR-12330-L-00022-V6-00083$yCambridge Digital Library
=859  \\$aXLD$bCambridge Digital Library
=CAT  \\$aWR14_159$b00$c20141016$lBLL01$h1656
=CAT  \\$aWR14_181$c20150323$lBLL01$h1403
=CAT  \\$aW1606-1753$c20171028$lBLL01$h1604
=SRC  \\$aBLWrongdoing
=LAS  \\$aW1606-1753$b00$c20171028$lBLL01$h1604

