=LDR  01949 am a2200493 a 4500
=001  016895022
=003  Uk
=005  20140321155427.0
=006  m\\\\||\\d\|\\\\\\
=007  cr\|||||||||||
=008  140321q18441864sp\a\\\\o\\\\\000\0\spa\d
=FMT  \\$a  BK
=040  \\$aUkCU$beng$cUkCU$dUk
=245  00$aDoña Isabel Gallardo. :$bNueva y curiosa relacion del invencible valor de una hermosa doncella natural de la ciudad de Jaen, que por desagraviar á su padre hizo treinta muertes.
=246  30$aNueva y curiosa relacion del invencible valor de una hermosa doncella natural de la ciudad de Jaen
=260  \\$aCarmona :$bImp. de D. José M. Moreno, Madre de Dios, núm. 1,$c[between 1844 and 1864?]
=300  \\$a1 online resource
=336  \\$atext$2rdacontent
=337  \\$acomputer$2rdamedia
=338  \\$aonline resources$2rdacarrier
=500  \\$aText printed in two columns.
=500  \\$aIn verse.
=500  \\$aTwo separate illustrations at head of title.
=500  \\$aCaption title.
=500  \\$aImprint from colophon.
=500  \\$a"N. 321."
=599  \\$aItem no. T84 in volume 12330.l.22.v6.$5Uk
=533  \\$aElectronic Reproduction$bLondon$cBritish Library$d2012$nItem no. T84 in volume 12330.l.22.v6.$5Uk
=650  \4$aIsabel Gallardo (Fictitious charachter)
=650  \0$aWomen murderers.
=650  \0$aRevenge.
=650  \4$aAsesinas.
=650  \4$aVenganza.
=653  \1$aIsabel Gallardo (Personaje ficticio)
=655  \7$aChapbooks$zSpain.$2rbgenr
=662  \\$aSpain$dJaén$2lcsh-naf
=752  \\$aSpain$dCarmona (Seville)
=856  40$uhttp://cudl.lib.cam.ac.uk/view/PR-12330-L-00022-V6-00084$yCambridge Digital Library
=859  \\$aXLD$bCambridge Digital Library
=CAT  \\$aWR14_159$b00$c20141016$lBLL01$h1656
=CAT  \\$aWR14_181$c20150323$lBLL01$h1403
=CAT  \\$aW1606-1753$c20171028$lBLL01$h1604
=SRC  \\$aBLWrongdoing
=LAS  \\$aW1606-1753$b00$c20171028$lBLL01$h1604

