=LDR  01478 am a2200409 a 4500
=001  016895023
=003  Uk
=005  20140321155915.0
=006  m\\\\||\\d\|\\\\\\
=007  cr\|||||||||||
=008  140321q17501850sp\a\\\\o\\\\\000\0\spa\d
=FMT  \\$a  BK
=040  \\$aUkCU$beng$cUkCU$dUk
=245  00$aBreve relacion de la tragica historia de Pablo y Virginia.
=246  30$aPablo y Virginia
=246  17$aHistoria de Pablo y Virginia
=260  \\$a[S.l. :$bs.n.,$cbetween 1750 and 1850?]
=300  \\$a1 online resource
=336  \\$atext$2rdacontent
=337  \\$acomputer$2rdamedia
=338  \\$aonline resources$2rdacarrier
=500  \\$aText chiefly printed in two columns.
=500  \\$aIn verse; with summary.
=500  \\$aIllustration at head of title; additional illustration at foot of p. 8.
=500  \\$aCaption title.
=599  \\$aItem no. T85 in volume 12330.l.22.v6.$5Uk
=533  \\$aElectronic Reproduction$bLondon$cBritish Library$d2012$nItem no. T85 in volume 12330.l.22.v6.$5Uk
=650  \0$aShipwrecks.
=650  \4$aNaufragios.
=655  \7$aChapbooks$zSpain.$2rbgenr
=856  40$uhttp://cudl.lib.cam.ac.uk/view/PR-12330-L-00022-V6-00085$yCambridge Digital Library
=859  \\$aXLD$bCambridge Digital Library
=CAT  \\$aWR14_159$b00$c20141016$lBLL01$h1656
=CAT  \\$aWR14_181$c20150323$lBLL01$h1403
=CAT  \\$aW1606-1753$c20171028$lBLL01$h1604
=SRC  \\$aBLWrongdoing
=LAS  \\$aW1606-1753$b00$c20171028$lBLL01$h1604

