=LDR  02278 am a2200517 a 4500
=001  016895024
=003  Uk
=005  20140324124052.0
=006  m\\\\||\\d\|\\\\\\
=007  cr\|||||||||||
=008  140324q18571882sp\a\\\\o\\\\\000\0\spa\d
=FMT  \\$a  BK
=040  \\$aUkCU$beng$cUkCU$dUk
=245  00$aCambio de los calzones por alforjas :$bNueva relacion discreta, graciosa y divertida de lo que sucedió á un carbonero que le dieron un par de calzones, pensando darle sus propias alforjas, y cómo una vieja con sus industrias raras engañó de tal manera al carbonero, que aún le dió la mitad del dinero que sacó del carbon : primera parte.
=246  30$aNueva relacion discreta, graciosa y divertida de lo que sucedió á un carbonero que le dieron un par de calzones
=260  \\$aMadrid :$bImp. Universal de Francisco Hernandez, Oso, 21, pral.,$c[between 1857 and 1882]
=300  \\$a1 online resource
=336  \\$atext$2rdacontent
=337  \\$acomputer$2rdamedia
=338  \\$aonline resources$2rdacarrier
=500  \\$aText printed in two columns.
=500  \\$aIn verse.
=500  \\$aIllustration at head of title; second part with two additional illustrations at head of title.
=500  \\$aCaption title.
=500  \\$aImprint from colophon.
=500  \\$a"(1 pliego)"
=500  \\$aIn two parts. Part two has title: "Lo que sucedió al carbonero."
=500  \\$a"Biblioteca moderna."
=599  \\$aItem no. T86 in volume 12330.l.22.v6.$5Uk
=533  \\$aElectronic Reproduction$bLondon$cBritish Library$d2012$nItem no. T86 in volume 12330.l.22.v6.$5Uk
=650  \0$aAdultery.
=650  \0$aMan-woman relationships.
=650  \4$aAdulterio.
=650  \4$aRelaciones hombre-mujer.
=650  \4$aAncianas.
=650  \4$aCarboneros.
=655  \7$aChapbooks$zSpain.$2rbgenr
=740  02$aLo que sucedió al carbonero.
=752  \\$aSpain$dMadrid.
=856  40$uhttp://cudl.lib.cam.ac.uk/view/PR-12330-L-00022-V6-00086$yCambridge Digital Library
=859  \\$aXLD$bCambridge Digital Library
=CAT  \\$aWR14_159$b00$c20141016$lBLL01$h1656
=CAT  \\$aWR14_181$c20150323$lBLL01$h1403
=CAT  \\$aW1606-1753$c20171028$lBLL01$h1604
=SRC  \\$aBLWrongdoing
=LAS  \\$aW1606-1753$b00$c20171028$lBLL01$h1604

