=LDR  01688 am a2200469 a 4500
=001  016895025
=003  Uk
=005  20140324143100.0
=006  m\\\\||\\d\|\\\\\\
=007  cr\|||||||||||
=008  140324q18771890sp\a\\\\o\\\\\000\0\spa\d
=FMT  \\$a  BK
=040  \\$aUkCU$beng$cUkCU$dUk
=043  \\$ae-sp---
=245  00$aPasillo de Diego Corriente.
=260  \\$aSevilla :$bImprenta y libreria de Don José Guillermo Fernandez, 29, Génova 29,$c[between 1877 and 1890?]
=300  \\$a1 online resource
=336  \\$atext$2rdacontent
=337  \\$acomputer$2rdamedia
=338  \\$aonline resources$2rdacarrier
=500  \\$aText printed in two columns.
=500  \\$aIn verse.
=500  \\$aThree separate illustrations at head of title.
=500  \\$aCaption title.
=500  \\$aImprint from colophon.
=500  \\$a"Núm. ."
=500  \\$aIn two parts.
=599  \\$aItem no. T87 in volume 12330.l.22.v6.$5Uk
=533  \\$aElectronic Reproduction$bLondon$cBritish Library$d2012$nItem no. T87 in volume 12330.l.22.v6.$5Uk
=600  10$aCorrientes, Diego,$d1757-1781.
=600  14$aCorrientes, Diego,$d1757-1781.
=650  \0$aBrigands and robbers$zSpain$zAndalusia.
=650  \4$aBandoleros$zEspaña$zAndalucía.
=655  \7$aChapbooks$zSpain.$2rbgenr
=752  \\$aSpain$dSeville.
=856  40$uhttp://cudl.lib.cam.ac.uk/view/PR-12330-L-00022-V6-00087$yCambridge Digital Library
=859  \\$aXLD$bCambridge Digital Library
=CAT  \\$aWR14_159$b00$c20141016$lBLL01$h1656
=CAT  \\$aWR14_181$c20150323$lBLL01$h1403
=CAT  \\$aW1606-1753$c20171028$lBLL01$h1604
=SRC  \\$aBLWrongdoing
=LAS  \\$aW1606-1753$b00$c20171028$lBLL01$h1604

