=LDR  01535 am a2200433 a 4500
=001  016895026
=003  Uk
=005  20140324170454.0
=006  m\\\\||\\d\|\\\\\\
=007  cr\|||||||||||
=008  140324s1888\\\\sp\a\\\\o\\\\\000\0\spa\d
=FMT  \\$a  BK
=040  \\$aUkCU$beng$cUkCU$dUk
=245  04$aLos celos del tio Macaco :$bpasillo gitano.
=260  \\$aSevilla :$bLibrería de D. José Guillermo Fernandez, Genova 29,$c1888.
=300  \\$a1 online resource
=336  \\$atext$2rdacontent
=337  \\$acomputer$2rdamedia
=338  \\$aonline resources$2rdacarrier
=500  \\$aText printed in two columns.
=500  \\$aIn verse.
=500  \\$aIllustration at head of title.
=500  \\$aCaption title.
=500  \\$aImprint from colophon.
=500  \\$aIn two parts. Part two has title: "El marquesito enamorado."
=599  \\$aItem no. T88 in volume 12330.l.22.v6.$5Uk
=533  \\$aElectronic Reproduction$bLondon$cBritish Library$d2012$nItem no. T88 in volume 12330.l.22.v6.$5Uk
=650  \0$aJealousy.
=650  \4$aCelos.
=655  \7$aChapbooks$zSpain.$2rbgenr
=740  02$aMarquesito enamorado.
=752  \\$aSpain$dSeville.
=856  40$uhttp://cudl.lib.cam.ac.uk/view/PR-12330-L-00022-V6-00088$yCambridge Digital Library
=859  \\$aXLD$bCambridge Digital Library
=CAT  \\$aWR14_159$b00$c20141016$lBLL01$h1656
=CAT  \\$aWR14_181$c20150323$lBLL01$h1403
=CAT  \\$aW1606-1753$c20171028$lBLL01$h1604
=SRC  \\$aBLWrongdoing
=LAS  \\$aW1606-1753$b00$c20171028$lBLL01$h1604

