=LDR  01448 am a2200409 a 4500
=001  016895027
=003  Uk
=005  20140324142238.0
=006  m\\\\||\\d\|\\\\\\
=007  cr\|||||||||||
=008  140324q18771890sp\a\\\\o\\\\\000\0\spa\d
=FMT  \\$a  BK
=040  \\$aUkCU$beng$cUkCU$dUk
=245  00$aHeroismo del tio Zaratan :$bpasillo jocoso.
=260  \\$aSevilla :$bImprenta y libreria de D. José G. Fernandez, Génova, 29,$c[between 1877 and 1890?]
=300  \\$a1 online resource
=336  \\$atext$2rdacontent
=337  \\$acomputer$2rdamedia
=338  \\$aonline resources$2rdacarrier
=500  \\$aText printed in two columns.
=500  \\$aIn verse.
=500  \\$aIllustration at head of title.
=500  \\$aCaption title.
=500  \\$aImprint from colophon.
=599  \\$aItem no. T89 in volume 12330.l.22.v6.$5Uk
=533  \\$aElectronic Reproduction$bLondon$cBritish Library$d2012$nItem no. T89 in volume 12330.l.22.v6.$5Uk
=650  \0$aCourage.
=650  \4$aValentía.
=655  \7$aChapbooks$zSpain.$2rbgenr
=752  \\$aSpain$dSeville.
=856  40$uhttp://cudl.lib.cam.ac.uk/view/PR-12330-L-00022-V6-00089$yCambridge Digital Library
=859  \\$aXLD$bCambridge Digital Library
=CAT  \\$aWR14_159$b00$c20141016$lBLL01$h1656
=CAT  \\$aWR14_181$c20150323$lBLL01$h1403
=CAT  \\$aW1606-1753$c20171028$lBLL01$h1604
=SRC  \\$aBLWrongdoing
=LAS  \\$aW1606-1753$b00$c20171028$lBLL01$h1604

