=LDR  01737 am a2200469 a 4500
=001  016895028
=003  Uk
=005  20140324142929.0
=006  m\\\\||\\d\|\\\\\\
=007  cr\|||||||||||
=008  140324q18771890sp\a\\\\o\\\\\000\0\spa\d
=FMT  \\$a  BK
=040  \\$aUkCU$beng$cUkCU$dUk
=245  00$aPedro Becerra, ó, El corazon de un bandido :$bprimera parte.
=246  30$aCorazon de un bandido
=260  \\$aSevilla :$bLibreria de D. José G. Fernandez, Génova, 29,$c[between 1877 and 1890?]
=300  \\$a1 online resource
=336  \\$atext$2rdacontent
=337  \\$acomputer$2rdamedia
=338  \\$aonline resources$2rdacarrier
=500  \\$aText printed in two columns.
=500  \\$aIn verse.
=500  \\$aTwo separate illustrations at head of title.
=500  \\$aCaption title.
=500  \\$aImprint from colophon.
=500  \\$aIn two parts. Part two has title: "Treinta dias despues."
=599  \\$aItem no. T90 in volume 12330.l.22.v6.$5Uk
=533  \\$aElectronic Reproduction$bLondon$cBritish Library$d2012$nItem no. T90 in volume 12330.l.22.v6.$5Uk
=650  \4$aPedro Becerra (Fictitious character)
=650  \4$aBrigands and robbers.
=650  \4$aBandoleros.
=653  \1$aPedro Becerra (Personaje ficticio)
=655  \7$aChapbooks$zSpain.$2rbgenr
=740  02$aTreinta dias despues.
=752  \\$aSpain$dSeville.
=856  40$uhttp://cudl.lib.cam.ac.uk/view/PR-12330-L-00022-V6-00090$yCambridge Digital Library
=859  \\$aXLD$bCambridge Digital Library
=CAT  \\$aWR14_159$b00$c20141016$lBLL01$h1656
=CAT  \\$aWR14_181$c20150323$lBLL01$h1403
=CAT  \\$aW1606-1753$c20171028$lBLL01$h1604
=SRC  \\$aBLWrongdoing
=LAS  \\$aW1606-1753$b00$c20171028$lBLL01$h1604

