=LDR  02469 am a2200481 a 4500
=001  016895029
=003  Uk
=005  20140324150137.0
=006  m\\\\||\\d\|\\\\\\
=007  cr\|||||||||||
=008  140324q18011850sp\\\\\\o\\\\\000\0\spa\d
=FMT  \\$a  BK
=040  \\$aUkCU$beng$cUkCU$dUk
=100  1\$aSánchez Roldán, Antonio.
=245  10$aComposicion que hace un aficionado á la guerra de Africa :$bsegun le han informado los testigos de la verdad, hasta los Castillejos.
=260  \\$aUtrera :$bImprenta y librería de los Ayuntamientos, Vereda, 80,$c[between 1801 and 1850?]
=300  \\$a1 online resource
=336  \\$atext$2rdacontent
=337  \\$acomputer$2rdamedia
=338  \\$aonline resources$2rdacarrier
=500  \\$aText printed in two columns.
=500  \\$aIn verse.
=500  \\$aCaption title.
=500  \\$aImprint from colophon.
=500  \\$aAt foot of p. [12]: "Compuesto por Antonio Sanchez Roldan, natural de la Villa del Alcor, provincia de Sevilla, trabajador del campo, sin saber leer ni escribir, el me que lea me dispensará las faltas."
=500  \\$aIn four parts. Part two has title: "Guerra de África: campamento y sangre". Part three has title "Guerra de África: composicion que hace un aficionado, segun le han informado los testigos de la verdad, en donde encontraremos la sangrienta y fatigosa lucha que sostuvieron los cristianos españoles, para poder conseguir la toma de las trincheras, el dia 4 de febrero. Part four has title: "Tratado de paz de la guerra de Africa: entrevista del general O'Donell y el califa Muley-el-Abbas."
=599  \\$aItem no. T91 in volume 12330.l.22.v6.$5Uk
=533  \\$aElectronic Reproduction$bLondon$cBritish Library$d2012$nItem no. T91 in volume 12330.l.22.v6.$5Uk
=650  \0$aSpanish-Moroccan War, 1859-1860.
=650  \4$aGuerra hispano-marroquí, 1859-1860.
=655  \7$aChapbooks$zSpain.$2rbgenr
=662  \\$aSpain$2lcsh-naf
=662  \\$aMorocco$2lcsh-naf
=740  02$aGuerra de África.
=740  02$aTratado de paz de la guerra de Africa.
=752  \\$aSpain$dUtrera.
=856  40$uhttp://cudl.lib.cam.ac.uk/view/PR-12330-L-00022-V6-00091$yCambridge Digital Library
=859  \\$aXLD$bCambridge Digital Library
=CAT  \\$aWR14_159$b00$c20141016$lBLL01$h1656
=CAT  \\$aWR14_181$c20150323$lBLL01$h1403
=CAT  \\$aW1606-1753$c20171028$lBLL01$h1604
=SRC  \\$aBLWrongdoing
=LAS  \\$aW1606-1753$b00$c20171028$lBLL01$h1604

