=LDR  02297 am a2200457 i 4500
=001  016895030
=003  Uk
=005  20140324150931.0
=006  m\\\\||\\d\|\\\\\\
=007  cr\|||||||||||
=008  140324s1891\\\\sp\a\\\\o\\\\\000\0\spa\\
=FMT  \\$a  BK
=040  \\$aUkCU$beng$cUkCU$dUk
=100  1\$aGallegos, Francisco.
=245  10$aRomance espiritual que explica los misterios de la Santisima Trinidad :$bprimera parte /$cpor Francisco Gallegos.
=260  \\$aSevilla :$bLibrería de José Guillermo Fernandez, Génova 29,$c1891.
=300  \\$a1 online resource
=336  \\$atext$2rdacontent
=337  \\$acomputer$2rdamedia
=338  \\$aonline resources$2rdacarrier
=500  \\$aText printed in two columns.
=500  \\$aIn verse.
=500  \\$aIllustration at head of title; additional illustration at head of p. [9].
=500  \\$aCaption title.
=500  \\$aImprint from colophon.
=500  \\$aIn four parts. Part three has title: "Institución del Santisimo Sacramento, ó sea, Tercera parte de Francisco Gallegos." Part four has title: "Nueva relacion espiritual en que le presenta Cristo Señor nuestro al alma los misterios de su dolorosa pasión, hacièndole cargo de sus culpas, llamándola al arrepentimiento de ellas y señalándole el verdadero camino de su salvación, compuesto por Francisco Gallegos, natural de la ciudad de Antequera: cuarta parte."
=599  \\$aItem no. T92 in volume 12330.l.22.v6.$5Uk
=533  \\$aElectronic Reproduction$bLondon$cBritish Library$d2012$nItem no. T92 in volume 12330.l.22.v6.$5Uk
=650  \0$aChristian literature, Spanish.
=650  \4$aLiteratura religiosa española.
=655  \7$aChapbooks$zSpain.$2rbgenr
=740  02$aInstitución del Santisimo Sacramento.
=740  02$aNueva relacion espiritual en que le presenta Cristo Señor nuestro al alma los misterios de su dolorosa pasión.
=752  \\$aSpain$dSeville.
=856  40$uhttp://cudl.lib.cam.ac.uk/view/PR-12330-L-00022-V6-00092$yCambridge Digital Library
=859  \\$aXLD$bCambridge Digital Library
=CAT  \\$aWR14_159$b00$c20141016$lBLL01$h1656
=CAT  \\$aWR14_181$c20150323$lBLL01$h1403
=CAT  \\$aW1606-1753$c20171028$lBLL01$h1604
=SRC  \\$aBLWrongdoing
=LAS  \\$aW1606-1753$b00$c20171028$lBLL01$h1604

