=LDR  01819 am a2200469 a 4500
=001  016895031
=003  Uk
=005  20140324152630.0
=006  m\\\\||\\d\|\\\\\\
=007  cr\|||||||||||
=008  140324q18771890sp\a\\\\o\\\\\000\0\spa\d
=FMT  \\$a  BK
=040  \\$aUkCU$beng$cUkCU$dUk
=245  00$aRomance histórico del célebre bandido Don Miguelito Caparrota /$cpor tres emes.
=246  30$aDon Miguelito Caparrota
=260  \\$aSevilla:$bImp. y lib. de D. José Guillermo Fernandez, Genova 29,$c[between 1877 and 1890?]
=300  \\$a1 online resource
=336  \\$atext$2rdacontent
=337  \\$acomputer$2rdamedia
=338  \\$aonline resources$2rdacarrier
=500  \\$aText printed in two columns.
=500  \\$aIn verse.
=500  \\$aIllustration at head of title.
=500  \\$aCaption title.
=500  \\$a"(Dos pliegos)"
=505  0\$aPt. 1. El marqués ladron -- Pt. 2. El ladron marqués: su partida -- Pt. 3. Amores y fin de Caparrota -- Epílogo.
=599  \\$aItem no. T93 in volume 12330.l.22.v6.$5Uk
=533  \\$aElectronic Reproduction$bLondon$cBritish Library$d2012$nItem no. T93 in volume 12330.l.22.v6.$5Uk
=650  \0$aBrigands and robbers.
=650  \4$aBandidos.
=650  \4$aMiguelito Caparrota (Fictitious character)
=653  \1$aMiguelito Caparrota (Personaje ficticio)
=655  \7$aChapbooks$zSpain.$2rbgenr
=662  \\$aSpain$dCádiz$2lcsh-naf
=752  \\$aSpain$dSeville.
=856  40$uhttp://cudl.lib.cam.ac.uk/view/PR-12330-L-00022-V6-00093$yCambridge Digital Library
=859  \\$aXLD$bCambridge Digital Library
=CAT  \\$aWR14_159$b00$c20141016$lBLL01$h1656
=CAT  \\$aWR14_181$c20150323$lBLL01$h1403
=CAT  \\$aW1606-1753$c20171028$lBLL01$h1604
=SRC  \\$aBLWrongdoing
=LAS  \\$aW1606-1753$b00$c20171028$lBLL01$h1604

