=LDR  02603 am a2200541 a 4500
=001  016895032
=003  Uk
=005  20140324153437.0
=006  m\\\\||\\d\|\\\\\\
=007  cr\|||||||||||
=008  140324q18401874sp\a\\\\o\\\\\000\0\spa\d
=FMT  \\$a  BK
=040  \\$aUkCU$beng$cUkCU$dUk
=245  00$aDoña Francisca la cautiva :$bNueva y curiosa relacion en que se refiere un portentoso milagro que obró la Vírgen Sma. del Cármen con una señora viuda, devota suya, que navegaba para Roma con tres hijos pequeños, á los que cautivaron los turcos y cómo los libertó milagrosamente : primera parte.
=246  30$aNueva y curiosa relacion en que se refiere un portentoso milagro que obró la Vírgen Sma. del Cármen con una señora viuda
=260  \\$aSevilla :$bLibrería de D. José G. Fernandez, Genova 29,$c1888.
=300  \\$a1 online resource
=336  \\$atext$2rdacontent
=337  \\$acomputer$2rdamedia
=338  \\$aonline resources$2rdacarrier
=500  \\$aText printed in two columns.
=500  \\$aIn verse.
=500  \\$aIllustration incorporated within title; second part with additional illustration at head of title; additional illustration at foot of p. 4.
=500  \\$aCaption title.
=500  \\$aImprint from colophon.
=500  \\$aIn two parts. Part two has title: "Segunda parte en que se dá fin á los sucesos y trabajos que padeció Doña Francisca la cautiva."
=599  \\$aItem no. T94 in volume 12330.l.22.v6.$5Uk
=533  \\$aElectronic Reproduction$bLondon$cBritish Library$d2012$nItem no. T94 in volume 12330.l.22.v6.$5Uk
=600  10$aEspiritu Santo, María del Carmen del$xApparitions and miracles.
=600  14$aEspiritu Santo, María del Carmen del$xApariciones y milagros.
=650  \0$aWomen$xAbuse of.
=650  \0$aWidows.
=650  \4$aMujeres$xAbuso de.
=650  \4$aMujeres viudas
=650  \4$aCautivos.
=655  \7$aChapbooks$zSpain.$2rbgenr
=662  \\$aItaly$dRome$2lcsh-naf
=662  \\$aItaly$dNaples$2lcsh-naf
=740  02$aSegunda parte en que se dá fin á los sucesos y trabajos que padeció Doña Francisca la cautiva.
=752  \\$aSpain$dSeville.
=856  40$uhttp://cudl.lib.cam.ac.uk/view/PR-12330-L-00022-V6-00094$yCambridge Digital Library
=859  \\$aXLD$bCambridge Digital Library
=CAT  \\$aWR14_159$b00$c20141016$lBLL01$h1656
=CAT  \\$aBATCH-UPD$b00$c20141016$lBLL01$h1713
=CAT  \\$aWR14_181$c20150323$lBLL01$h1403
=CAT  \\$aW1606-1753$c20171028$lBLL01$h1604
=SRC  \\$aBLWrongdoing
=LAS  \\$aW1606-1753$b00$c20171028$lBLL01$h1604

