=LDR  01967 am a2200481 a 4500
=001  016895033
=003  Uk
=005  20170614115829.0
=006  m\\\\||\\d\|\\\\\\
=007  cr\|||||||||||
=008  140324q17991850sp\a\\\\o\\\\\000\0\spa\d
=FMT  \\$a  BK
=040  \\$aUkCU$beng$cUkCU$dUk
=245  00$aDon Diego de Peñaloza y Doña María Leonarda :$bRomance de los amorosos sucesos de estos dos finos amantes : primera parte.
=246  30$aRomance de los amorosos sucesos de estos dos finos amantes
=260  \\$a[S.l. :$bs.n.,$cbetween 1799 and 1850?]
=300  \\$a1 online resource
=336  \\$atext$2rdacontent
=337  \\$acomputer$2rdamedia
=338  \\$aonline resources$2rdacarrier
=500  \\$aText printed in two columns.
=500  \\$aIn verse.
=500  \\$aIllustration at head of title; additional illustration at foot of p. 5.
=500  \\$aCaption title.
=500  \\$aIn two parts. Part two has title: "Segunda parte de Don Diego de Peñaloza."
=599  \\$aItem no. T95 in volume 12330.l.22.v6.$5Uk
=533  \\$aElectronic Reproduction$bLondon$cBritish Library$d2012$nItem no. T95 in volume 12330.l.22.v6.$5Uk
=650  \0$aArranged marriage.
=650  \4$aDiego de Peñalosa (Fictitious character)
=650  \4$aMaría Leonarda (Fictitious character)
=650  \4$aMatrimonio arreglado.
=653  \1$aDiego de Peñalosa (Personaje ficticio)
=653  \1$aMaría Leonarda (Personaje ficticio)
=655  \7$aChapbooks$zSpain.$2rbgenr
=740  02$aSegunda parte de Don Diego de Peñaloza.
=856  40$uhttp://cudl.lib.cam.ac.uk/view/PR-12330-L-00022-V6-00095$yCambridge Digital Library
=859  \\$aXLD$bCambridge Digital Library
=CAT  \\$aWR14_159$b00$c20141016$lBLL01$h1656
=CAT  \\$aWR14_181$c20150323$lBLL01$h1403
=CAT  \\$a14484$b40$c20170614$lBLL01$h1158
=CAT  \\$aW1606-1753$c20171028$lBLL01$h1604
=SRC  \\$aBLWrongdoing
=LAS  \\$aW1606-1753$b00$c20171028$lBLL01$h1604

