=LDR  01928 am a2200445 a 4500
=001  016895042
=003  Uk
=005  20140326172616.0
=006  m\\\\||\\d\|\\\\\\
=007  cr\|||||||||||
=008  140326q18771890sp\a\\\\o\\\\\000\0\spa\d
=FMT  \\$a  BK
=040  \\$aUkCU$beng$cUkCU$dUk
=100  1\$aSánchez Roldán, Antonio.
=245  10$aPascualillo :$bPapel nuevo para representar, en donde encontraremos el raro nacimiento de un desgraciado.
=246  30$aPapel nuevo para representar, en donde encontraremos el raro nacimiento de un desgraciado
=260  \\$aSevilla :$bImprenta y librería de D. José Guillermo Fernandez, Genova 29,$c[between 1877 and 1890?]
=300  \\$a1 online resource
=336  \\$atext$2rdacontent
=337  \\$acomputer$2rdamedia
=338  \\$aonline resources$2rdacarrier
=500  \\$aText printed in three columns.
=500  \\$aIn verse.
=500  \\$aIllustration at head of title.
=500  \\$aCaption title.
=500  \\$aImprint from colophon.
=500  \\$aAt foot of p. [4]: "Esta composición es propiedad de Antonio Sanchez Roldan, natural del Viso del Alcor, provincia de Sevilla, trabajador del campo, sin saber leer ni escribir, el me que lea me dispensará las faltas."
=599  \\$aItem no. T104 in volume 12330.l.22.v6.$5Uk
=533  \\$aElectronic Reproduction$bLondon$cBritish Library$d2012$nItem no. T104 in volume 12330.l.22.v6.$5Uk
=650  \0$aFate and fatalism.
=650  \4$aDestino y fatalismo.
=655  \7$aChapbooks$zSpain.$2rbgenr
=752  \\$aSpain$dSeville.
=856  40$uhttp://cudl.lib.cam.ac.uk/view/PR-12330-L-00022-V6-00104$yCambridge Digital Library
=859  \\$aXLD$bCambridge Digital Library
=CAT  \\$aWR14_159$b00$c20141016$lBLL01$h1656
=CAT  \\$aWR14_181$c20150323$lBLL01$h1403
=CAT  \\$aW1606-1753$c20171028$lBLL01$h1604
=SRC  \\$aBLWrongdoing
=LAS  \\$aW1606-1753$b00$c20171028$lBLL01$h1604

