=LDR  01801 am a2200457 a 4500
=001  016895045
=003  Uk
=005  20140327102933.0
=006  m\\\\||\\d\|\\\\\\
=007  cr\|||||||||||
=008  140327q17991850sp\a\\\\o\\\\\000\0\spa\d
=FMT  \\$a  BK
=040  \\$aUkCU$beng$cUkCU$dUk
=245  00$aLicencia del ejercito de Baco :$b1er regimiento de borrachos, 5a compañía de beodos.
=260  \\$a[S.l. :$bs.n.,$cbetween 1799 and 1850?]
=300  \\$a1 online resource
=336  \\$atext$2rdacontent
=337  \\$acomputer$2rdamedia
=338  \\$aonline resources$2rdacarrier
=500  \\$aText printed in two columns.
=500  \\$aIn verse.
=500  \\$aIllustration at head of title; additional illustrations on each page of the pliego.
=500  \\$aCaption title.
=500  \\$aImprint from colophon.
=500  \\$a"Certificacion de buena conducta": p. [2] and [4].
=599  \\$aItem no. T107 in volume 12330.l.22.v6.$5Uk
=599  \\$aThe pliego, consisting of 2 pages, appears in duplicate.$5Uk
=533  \\$aElectronic Reproduction$bLondon$cBritish Library$d2012$nItem no. T107 in volume 12330.l.22.v6.$nThe pliego, consisting of 2 pages, appears in duplicate.$5Uk
=650  \0$aSongs, Spanish$vTexts.
=650  \0$aAlcoholics.
=650  \4$aAlcohólicos.
=653  \0$aCanciones españolas--Textos.
=655  \7$aChapbooks$zSpain.$2rbgenr
=740  02$aCertificacion de buena conducta.
=856  40$uhttp://cudl.lib.cam.ac.uk/view/PR-12330-L-00022-V6-00107$yCambridge Digital Library
=859  \\$aXLD$bCambridge Digital Library
=CAT  \\$aWR14_159$b00$c20141016$lBLL01$h1656
=CAT  \\$aWR14_181$c20150323$lBLL01$h1403
=CAT  \\$aW1606-1753$c20171028$lBLL01$h1604
=SRC  \\$aBLWrongdoing
=LAS  \\$aW1606-1753$b00$c20171028$lBLL01$h1604

