=LDR  01841 am a2200505 a 4500
=001  016895046
=003  Uk
=005  20140327103128.0
=006  m\\\\||\\d\|\\\\\\
=007  cr\|||||||||||
=008  140327q18571882sp\a\\\\o\\\\\000\0\spa\d
=FMT  \\$a  BK
=040  \\$aUkCU$beng$cUkCU$dUk
=245  04$aLos vómitos de Pilatos :$bnueva relacion burlesca y divertida para los aficionados a tragar mucho.
=260  \\$aMadrid :$bImp. Universal de F. Hernandez, calle del Oso, 21,$c[between 1857 and 1882]
=300  \\$a1 online resource
=336  \\$atext$2rdacontent
=337  \\$acomputer$2rdamedia
=338  \\$aonline resources$2rdacarrier
=500  \\$aText printed in two columns.
=500  \\$aIn verse.
=500  \\$aTwo separate illustrations at head of title.
=500  \\$aCaption title.
=500  \\$aImprint from colophon.
=500  \\$a"El viatico de los borrachos": p. [3-4].
=500  \\$a"Modo de aplicar las indulgencias": p. [4].
=599  \\$aItem no. T108 in volume 12330.l.22.v6.$5Uk
=533  \\$aElectronic Reproduction$bLondon$cBritish Library$d2012$nItem no. T108 in volume 12330.l.22.v6.$5Uk
=650  \0$aSatire, Spanish.
=650  \0$aAlcoholics.
=650  \0$aGluttony.
=650  \4$aAlcohólicos.
=650  \4$aSátira española.
=653  \0$aGula.
=655  \7$aChapbooks$zSpain.$2rbgenr
=740  02$aViatico de los borrachos.
=740  02$aModo de aplicar las indulgencias.
=752  \\$aSpain$dMadrid.
=856  40$uhttp://cudl.lib.cam.ac.uk/view/PR-12330-L-00022-V6-00108$yCambridge Digital Library
=859  \\$aXLD$bCambridge Digital Library
=CAT  \\$aWR14_159$b00$c20141016$lBLL01$h1656
=CAT  \\$aWR14_181$c20150323$lBLL01$h1403
=CAT  \\$aW1606-1753$c20171028$lBLL01$h1604
=SRC  \\$aBLWrongdoing
=LAS  \\$aW1606-1753$b00$c20171028$lBLL01$h1604

