=LDR  01716 am a2200457 a 4500
=001  016895072
=003  Uk
=005  20140331143951.0
=006  m\\\\||\\d\|\\\\\\
=007  cr\|||||||||||
=008  140331q18771890sp\a\\\\o\\\\\000\0\spa\d
=FMT  \\$a  BK
=040  \\$aUkCU$beng$cUkCU$dUk
=245  00$aRomance de la enamorada de Cristo :$bMaria de Jesus de Gracia.
=246  30$aMaria de Jesus de Gracia
=260  \\$aSevilla :$bImprenta y libreria de D. José G. Fernandez, Genova 29,$c[between 1877 and 1890?]
=300  \\$a1 online resource
=336  \\$atext$2rdacontent
=337  \\$acomputer$2rdamedia
=338  \\$aonline resources$2rdacarrier
=500  \\$aText printed in two columns.
=500  \\$aIn verse.
=500  \\$aIllustration at head of title.
=500  \\$aCaption title.
=500  \\$aImprint from colophon.
=599  \\$aItem no. T136 in volume 12330.l.22.v6.$5Uk
=533  \\$aElectronic Reproduction$bLondon$cBritish Library$d2012$nItem no. T136 in volume 12330.l.22.v6.$5Uk
=600  00$aJesus Christ$xWorship and love.
=600  04$aJesucristo$xVeneración y amor.
=650  \4$aGracia, Maria Jesus de (Fictitious character)
=653  \1$aGracia, Maria Jesus de (Personaje ficticio)
=655  \7$aChapbooks$zSpain.$2rbgenr
=662  \\$aSpain$dCórdoba$2lcsh-naf
=752  \\$aSpain$dSeville.
=856  40$uhttp://cudl.lib.cam.ac.uk/view/PR-12330-L-00022-V6-00136$yCambridge Digital Library
=859  \\$aXLD$bCambridge Digital Library
=CAT  \\$aWR14_159$b00$c20141016$lBLL01$h1656
=CAT  \\$aWR14_181$c20150323$lBLL01$h1403
=CAT  \\$aW1606-1753$c20171028$lBLL01$h1604
=SRC  \\$aBLWrongdoing
=LAS  \\$aW1606-1753$b00$c20171028$lBLL01$h1604

