=LDR  01666 am a2200433 a 4500
=001  016895074
=003  Uk
=005  20140331144758.0
=006  m\\\\||\\d\|\\\\\\
=007  cr\|||||||||||
=008  140331q18401874sp\a\\\\o\\\\\000\0\spa\d
=FMT  \\$a  BK
=040  \\$aUkCU$beng$cUkCU$dUk
=245  03$aLa quinta de las mujeres :$bdonde se verá la exposicion que piensan dirigir las solteras al ministro para que les conceda el ir á la guerra, á ver si de este modo encuentran maridos.
=260  \\$aMadrid :$bDespacho de Marés y Compañia, Juanelo 19,$c[between 1840 and 1874]
=300  \\$a1 online resource
=336  \\$atext$2rdacontent
=337  \\$acomputer$2rdamedia
=338  \\$aonline resources$2rdacarrier
=500  \\$aText printed in two columns.
=500  \\$aIn verse.
=500  \\$aIllustration at head of title.
=500  \\$aCaption title.
=500  \\$aImprint from colophon.
=599  \\$aItem no. T138 in volume 12330.l.22.v6.$5Uk
=533  \\$aElectronic Reproduction$bLondon$cBritish Library$d2012$nItem no. T138 in volume 12330.l.22.v6.$5Uk
=655  \7$aChapbooks$zSpain.$2rbgenr
=650  \0$aParody.
=651  \0$aSpain$xArmed Forces$xWomen.
=650  \4$aParodia.
=651  \4$aSpain$xFuerzas Armadas$xMujeres.
=752  \\$aSpain$dMadrid.
=856  40$uhttp://cudl.lib.cam.ac.uk/view/PR-12330-L-00022-V6-00138$yCambridge Digital Library
=859  \\$aXLD$bCambridge Digital Library
=CAT  \\$aWR14_159$b00$c20141016$lBLL01$h1656
=CAT  \\$aWR14_181$c20150323$lBLL01$h1403
=CAT  \\$aW1606-1753$c20171028$lBLL01$h1604
=SRC  \\$aBLWrongdoing
=LAS  \\$aW1606-1753$b00$c20171028$lBLL01$h1604

