=LDR  01595 am a2200469 a 4500
=001  016895075
=003  Uk
=005  20140331145808.0
=006  m\\\\||\\d\|\\\\\\
=007  cr\|||||||||||
=008  140331q18201821sp\\\\\\o\\\\\000\0\spa\d
=FMT  \\$a  BK
=040  \\$aUkCU$beng$cUkCU$dUk
=245  03$aLa pedomancia, ó, La libertad aérea, ó, El indulto pediculario.
=246  33$aLa libertad aérea
=246  33$aIndulto pediculario
=260  \\$aMadrid :$bImprenta Nueva,$c[between 1820 and 1821?]
=300  \\$a1 online resource
=336  \\$atext$2rdacontent
=337  \\$acomputer$2rdamedia
=338  \\$aonline resources$2rdacarrier
=500  \\$aText printed in two columns.
=500  \\$aIn verse.
=500  \\$aCaption title.
=500  \\$aImprint from colophon.
=500  \\$a"Licencia para ventosear": p. [4].
=599  \\$aItem no. T139 in volume 12330.l.22.v6.$5Uk
=533  \\$aElectronic Reproduction$bLondon$cBritish Library$d2012$nItem no. T139 in volume 12330.l.22.v6.$5Uk
=650  \0$aParody.
=650  \0$aFarting.
=650  \4$aParodia.
=653  \0$aVentosidad.
=655  \7$aChapbooks$zSpain.$2rbgenr
=740  02$aLicencia para ventosear.
=752  \\$aSpain$dMadrid.
=856  40$uhttp://cudl.lib.cam.ac.uk/view/PR-12330-L-00022-V6-00139$yCambridge Digital Library
=859  \\$aXLD$bCambridge Digital Library
=CAT  \\$aWR14_159$b00$c20141016$lBLL01$h1656
=CAT  \\$aWR14_181$c20150323$lBLL01$h1403
=CAT  \\$aW1606-1753$c20171028$lBLL01$h1604
=SRC  \\$aBLWrongdoing
=LAS  \\$aW1606-1753$b00$c20171028$lBLL01$h1604

