=LDR  01439 am a2200421 a 4500
=001  016895082
=003  Uk
=005  20140331154257.0
=006  m\\\\||\\d\|\\\\\\
=007  cr\|||||||||||
=008  140331q17991850sp\\\\\\o\\\\\000\0\spa\d
=FMT  \\$a  BK
=040  \\$aUkCU$beng$cUkCU$dUk
=245  00$aPapel nuevo donde se declara lo que siente un zapatero.
=260  \\$a[S.l. :$bs.n.,$cbetween 1799 and 1850?]
=300  \\$a1 online resource
=336  \\$atext$2rdacontent
=337  \\$acomputer$2rdamedia
=338  \\$aonline resources$2rdacarrier
=500  \\$aText printed in one column.
=500  \\$aIn prose.
=500  \\$aCaption title.
=500  \\$aImprint from colophon.
=599  \\$aItem no. T146 in volume 12330.l.22.v6.$5Uk
=533  \\$aElectronic Reproduction$bLondon$cBritish Library$d2012$nItem no. T146 in volume 12330.l.22.v6.$5Uk
=650  \0$aShoemakers.
=650  \0$aMan-woman relationships.
=650  \4$aZapateros.
=650  \4$aRelaciones hombre-mujer.
=655  \7$aChapbooks$zSpain.$2rbgenr
=752  \\$aSpain$dMadrid.
=856  40$uhttp://cudl.lib.cam.ac.uk/view/PR-12330-L-00022-V6-00146$yCambridge Digital Library
=859  \\$aXLD$bCambridge Digital Library
=CAT  \\$aWR14_159$b00$c20141016$lBLL01$h1656
=CAT  \\$aWR14_181$c20150323$lBLL01$h1403
=CAT  \\$aW1606-1753$c20171028$lBLL01$h1604
=SRC  \\$aBLWrongdoing
=LAS  \\$aW1606-1753$b00$c20171028$lBLL01$h1604

