=LDR  01565 am a2200421 a 4500
=001  016895089
=003  Uk
=005  20140403145419.0
=006  m\\\\||\\d\|\\\\\\
=007  cr\|||||||||||
=008  140403q18531900sp\a\\\\o\\\\\000\0\spa\d
=FMT  \\$a  BK
=040  \\$aUkCU$beng$cUkCU$dUk
=245  03$aEl triunfo del miriñaque :$bdialogo entre Doña Rosalia y su hija Dolores.
=246  30$aDialogo entre Doña Rosalia y su hija Dolores
=260  \\$aMadrid :$bDespacho de Manuel Minuesa, Juanelo 19,$c[between 1853 and 1900?]
=300  \\$a1 online resource
=336  \\$atext$2rdacontent
=337  \\$acomputer$2rdamedia
=338  \\$aonline resources$2rdacarrier
=500  \\$aText printed in two columns.
=500  \\$aIn verse.
=500  \\$aTwo separate illustrations incorporated within title.
=500  \\$aCaption title.
=500  \\$aImprint from colophon.
=599  \\$aItem no. T153 in volume 12330.l.22.v6.$5Uk
=533  \\$aElectronic Reproduction$bLondon$cBritish Library$d2012$nItem no. T153 in volume 12330.l.22.v6.$5Uk
=650  \0$aMothers and daughters.
=650  \4$aMadres e hijas.
=655  \7$aChapbooks$zSpain.$2rbgenr
=752  \\$aSpain$dMadrid.
=856  40$uhttp://cudl.lib.cam.ac.uk/view/PR-12330-L-00022-V6-00153$yCambridge Digital Library
=859  \\$aXLD$bCambridge Digital Library
=CAT  \\$aWR14_159$b00$c20141016$lBLL01$h1656
=CAT  \\$aWR14_181$c20150323$lBLL01$h1403
=CAT  \\$aW1606-1753$c20171028$lBLL01$h1604
=SRC  \\$aBLWrongdoing
=LAS  \\$aW1606-1753$b00$c20171028$lBLL01$h1604

