=LDR  01736 am a2200421 a 4500
=001  016895092
=003  Uk
=005  20140403151256.0
=006  m\\\\||\\d\|\\\\\\
=007  cr\|||||||||||
=008  140403q18401874sp\\\\\\o\\\\\000\0\spa\d
=FMT  \\$a  BK
=040  \\$aUkCU$beng$cUkCU$dUk
=245  04$aLas siete palabras que Nuestro Señor Jesucristo habló en la Cruz.
=260  \\$aMadrid :$bDespacho de J. M. Marés y compañía, Juanelo, 19,$c[between 1840 and 1874]
=300  \\$a1 online resource
=336  \\$atext$2rdacontent
=337  \\$acomputer$2rdamedia
=338  \\$aonline resources$2rdacarrier
=500  \\$aText printed in two columns.
=500  \\$aIn verse.
=500  \\$aIllustrated title page.
=500  \\$aCaption title.
=500  \\$aImprint from colophon.
=505  0\$aLas siete palabras que hablo Cristo en la Cruz -- Despedida de la Santísima Virgen á su hijo -- Relacion mística de la dolorosa pasion y muerte de nuestro redentor Jesús, y el descendimiento de la Santa Cruz.
=599  \\$aItem no. T156 in volume 12330.l.22.v6.$5Uk
=533  \\$aElectronic Reproduction$bLondon$cBritish Library$d2012$nItem no. T156 in volume 12330.l.22.v6.$5Uk
=650  \0$aChristian literature, Spanish.
=650  \4$aLiteratura religiosa española.
=655  \7$aChapbooks$zSpain.$2rbgenr
=752  \\$aSpain$dMadrid.
=856  40$uhttp://cudl.lib.cam.ac.uk/view/PR-12330-L-00022-V6-00156$yCambridge Digital Library
=859  \\$aXLD$bCambridge Digital Library
=CAT  \\$aWR14_159$b00$c20141016$lBLL01$h1656
=CAT  \\$aWR14_181$c20150323$lBLL01$h1403
=CAT  \\$aW1606-1753$c20171028$lBLL01$h1604
=SRC  \\$aBLWrongdoing
=LAS  \\$aW1606-1753$b00$c20171028$lBLL01$h1604

