=LDR  01817 am a2200469 a 4500
=001  016895093
=003  Uk
=005  20140403152210.0
=006  m\\\\||\\d\|\\\\\\
=007  cr\|||||||||||
=008  140403q18441864sp\a\\\\o\\\\\000\0\spa\d
=FMT  \\$a  BK
=040  \\$aUkCU$beng$cUkCU$dUk
=245  00$aDevocion á nuestra señora de subterranea de Nieva.
=246  30$aDe Nieva
=260  \\$aCarmona :$bImp. y lib. de don José M. Moreno, Madre de Dios, 1,$c[between 1844 and 1864?]
=300  \\$a1 online resource
=336  \\$atext$2rdacontent
=337  \\$acomputer$2rdamedia
=338  \\$aonline resources$2rdacarrier
=500  \\$aText printed in two columns.
=500  \\$aIn verse.
=500  \\$aIllustration at head of title; additional illustration at head of p. [3].
=500  \\$aCaption title.
=500  \\$aImprint from colophon.
=500  \\$a"Coplas à Maria Santisima de Nieva": p. [2].
=500  \\$a"Devocion à la gloriosa Santa Bàrbara Bendita": p. [3-4].
=599  \\$aItem no. T157 in volume 12330.l.22.v6.$5Uk
=533  \\$aElectronic Reproduction$bLondon$cBritish Library$d2012$nItem no. T157 in volume 12330.l.22.v6.$5Uk
=650  \0$aDevotional literature.
=650  \4$aLiteratura devocional.
=655  \7$aChapbooks$zSpain.$2rbgenr
=740  02$aCoplas à Maria Santisima de Nieva.
=740  0\$aDevocion à la gloriosa Santa Bàrbara Bendita.
=752  \\$aSpain$dCarmona (Seville)
=856  40$uhttp://cudl.lib.cam.ac.uk/view/PR-12330-L-00022-V6-00157$yCambridge Digital Library
=859  \\$aXLD$bCambridge Digital Library
=CAT  \\$aWR14_159$b00$c20141016$lBLL01$h1656
=CAT  \\$aWR14_181$c20150323$lBLL01$h1403
=CAT  \\$aW1606-1753$c20171028$lBLL01$h1604
=SRC  \\$aBLWrongdoing
=LAS  \\$aW1606-1753$b00$c20171028$lBLL01$h1604

