=LDR  01726 am a2200469 a 4500
=001  016895096
=003  Uk
=005  20140403154225.0
=006  m\\\\||\\d\|\\\\\\
=007  cr\|||||||||||
=008  140403q18501900sp\a\\\\o\\\\\000\0\spa\d
=FMT  \\$a  BK
=040  \\$aUkCU$beng$cUkCU$dUk
=245  00$aPapel burlesco dedicado á las niñas que no tengan novios.
=246  30$aÁ las niñas que no tengan novios
=260  \\$aSevilla :$bLibrería de Rafael de los Heros, Génova, 17,$c[between 1850 and 1900?]
=300  \\$a1 online resource
=336  \\$atext$2rdacontent
=337  \\$acomputer$2rdamedia
=338  \\$aonline resources$2rdacarrier
=500  \\$aText printed in two columns.
=500  \\$aIn verse.
=500  \\$aIllustration at head of title.
=500  \\$aCaption title.
=500  \\$aImprint from colophon.
=500  \\$a"La gitaniya": p. [2-3].
=500  \\$a"La flor de la canela: canción dedicada á las morenas": p. [4].
=599  \\$aItem no. T160 in volume 12330.l.22.v6.$5Uk
=533  \\$aElectronic Reproduction$bLondon$cBritish Library$d2012$nItem no. T160 in volume 12330.l.22.v6.$5Uk
=650  \0$aSongs, Spanish$xTexts.
=650  \0$aCourtship.
=650  \4$aCortejo amoroso.
=653  \0$aCanciones españolas--Textos.
=655  \7$aChapbooks$zSpain.$2rbgenr
=752  \\$aSpain$dMadrid.
=856  40$uhttp://cudl.lib.cam.ac.uk/view/PR-12330-L-00022-V6-00160$yCambridge Digital Library
=859  \\$aXLD$bCambridge Digital Library
=CAT  \\$aWR14_159$b00$c20141016$lBLL01$h1656
=CAT  \\$aWR14_181$c20150323$lBLL01$h1403
=CAT  \\$aW1606-1753$c20171028$lBLL01$h1604
=SRC  \\$aBLWrongdoing
=LAS  \\$aW1606-1753$b00$c20171028$lBLL01$h1604

