=LDR  01545 am a2200421 a 4500
=001  016895099
=003  Uk
=005  20140403160549.0
=006  m\\\\||\\d\|\\\\\\
=007  cr\|||||||||||
=008  140403q18501900sp\\\\\\o\\\\\000\0\spa\d
=FMT  \\$a  BK
=040  \\$aUkCU$beng$cUkCU$dUk
=100  1\$aGarcia, José.
=245  10$aHistoria de las señoras mujeres desde que empiezan á vivir hasta la edad de 50 años.
=260  \\$aSevilla :$b[s.n.,$cbetween 1850 and 1900?]
=300  \\$a1 online resource
=336  \\$atext$2rdacontent
=337  \\$acomputer$2rdamedia
=338  \\$aonline resources$2rdacarrier
=500  \\$aText printed in two columns.
=500  \\$aIn verse.
=500  \\$aCaption title.
=500  \\$aImprint from colophon.
=500  \\$a"Está compuesto por el ciego José García, el mismo que lo vende."
=599  \\$aItem no. T163 in volume 12330.l.22.v6.$5Uk
=533  \\$aElectronic Reproduction$bLondon$cBritish Library$d2012$nItem no. T163 in volume 12330.l.22.v6.$5Uk
=650  \0$aWomen$xConduct of life.
=650  \4$aMujeres$xConducta de vida.
=655  \7$aChapbooks$zSpain.$2rbgenr
=752  \\$aSpain$dSeville.
=856  40$uhttp://cudl.lib.cam.ac.uk/view/PR-12330-L-00022-V6-00163$yCambridge Digital Library
=859  \\$aXLD$bCambridge Digital Library
=CAT  \\$aWR14_159$b00$c20141016$lBLL01$h1656
=CAT  \\$aWR14_181$c20150323$lBLL01$h1403
=CAT  \\$aW1606-1753$c20171028$lBLL01$h1604
=SRC  \\$aBLWrongdoing
=LAS  \\$aW1606-1753$b00$c20171028$lBLL01$h1604

