=LDR  01561 am a2200433 a 4500
=001  016895100
=003  Uk
=005  20140403161511.0
=006  m\\\\||\\d\|\\\\\\
=007  cr\|||||||||||
=008  140403q18501900sp\a\\\\o\\\\\000\0\spa\d
=FMT  \\$a  BK
=040  \\$aUkCU$beng$cUkCU$dUk
=043  \\$ae-sp---
=245  00$aComposicion de la toma de Bilbao :$bsegun me han informado los testigos de la verdad.
=246  30$aDe la toma de Bilbao
=260  \\$a[S.l. :$bs.n.,$cbetween 1850 and 1900?]
=300  \\$a1 online resource
=336  \\$atext$2rdacontent
=337  \\$acomputer$2rdamedia
=338  \\$aonline resources$2rdacarrier
=500  \\$aText printed in two columns.
=500  \\$aIn verse.
=500  \\$aIllustration at head of title.
=500  \\$aCaption title.
=500  \\$aImprint from colophon.
=599  \\$aItem no. T164 in volume 12330.l.22.v6.$5Uk
=533  \\$aElectronic Reproduction$bLondon$cBritish Library$d2012$nItem no. T164 in volume 12330.l.22.v6.$5Uk
=650  \0$aBilbao (Spain)$xHistory$y19th century.
=650  \4$aBilbao (España)$xHistoria$ysiglo XIX.
=655  \7$aChapbooks$zSpain.$2rbgenr
=662  \\$aSpain$dBilbao$2lcsh-naf
=856  40$uhttp://cudl.lib.cam.ac.uk/view/PR-12330-L-00022-V6-00164$yCambridge Digital Library
=859  \\$aXLD$bCambridge Digital Library
=CAT  \\$aWR14_159$b00$c20141016$lBLL01$h1656
=CAT  \\$aWR14_181$c20150323$lBLL01$h1403
=CAT  \\$aW1606-1753$c20171028$lBLL01$h1604
=SRC  \\$aBLWrongdoing
=LAS  \\$aW1606-1753$b00$c20171028$lBLL01$h1604

