=LDR  01793 am a2200457 a 4500
=001  016895104
=003  Uk
=005  20140403172920.0
=006  m\\\\||\\d\|\\\\\\
=007  cr\|||||||||||
=008  140403q18571882sp\a\\\\o\\\\\000\0\spa\d
=FMT  \\$a  BK
=040  \\$aUkCU$beng$cUkCU$dUk
=245  03$aEl consejero y el desengaño :$bPapel nuevo en el cual se redactan los sufrimientos que hay en una nacion, cuando los hijos de ella se ponen en contra unos de otros solamente por las ideas.
=246  30$aPapel nuevo en el cual se redactan los sufrimientos que hay en una nacion
=260  \\$aMadrid :$bImp. Universal de Francisco Hernandez, Oso, 21,$c[between 1857 and 1882]
=300  \\$a1 online resource
=336  \\$atext$2rdacontent
=337  \\$acomputer$2rdamedia
=338  \\$aonline resources$2rdacarrier
=500  \\$aText printed in two columns.
=500  \\$aIn verse.
=500  \\$aIllustration at head of title.
=500  \\$aCaption title.
=500  \\$aImprint from colophon.
=599  \\$aItem no. T168 in volume 12330.l.22.v6.$5Uk
=533  \\$aElectronic Reproduction$bLondon$cBritish Library$d2012$nItem no. T168 in volume 12330.l.22.v6.$5Uk
=650  \0$aSongs, Spanish$vTexts.
=650  \0$aPatriotism.
=650  \4$aPatriotismo.
=653  \0$aCanciones españolas--Textos.
=655  \7$aChapbooks$zSpain.$2rbgenr
=662  \\$aSpain$2lcsh-naf
=752  \\$aSpain$dMadrid.
=856  40$uhttp://cudl.lib.cam.ac.uk/view/PR-12330-L-00022-V6-00168$yCambridge Digital Library
=859  \\$aXLD$bCambridge Digital Library
=CAT  \\$aWR14_159$b00$c20141016$lBLL01$h1656
=CAT  \\$aWR14_181$c20150323$lBLL01$h1403
=CAT  \\$aW1606-1753$c20171028$lBLL01$h1604
=SRC  \\$aBLWrongdoing
=LAS  \\$aW1606-1753$b00$c20171028$lBLL01$h1604

