=LDR  01962 am a2200505 a 4500
=001  016895105
=003  Uk
=005  20140404165513.0
=006  m\\\\||\\d\|\\\\\\
=007  cr\|||||||||||
=008  140404q18571882sp\a\\\\o\\\\\000\0\spa\d
=FMT  \\$a  BK
=040  \\$aUkCU$beng$cUkCU$dUk
=245  03$aLa carpanta :$ben la que se manifiesta la causa de la pobreza de España y por qué no se puede decir la verdad.
=260  \\$aReimpreso en Madrid :$bImp. de F. Hernandez, Oso, 21, pral.,$c[between 1857 and 1882]
=300  \\$a1 online resource
=336  \\$atext$2rdacontent
=337  \\$acomputer$2rdamedia
=338  \\$aonline resources$2rdacarrier
=500  \\$aText printed in two columns.
=500  \\$aIn verse.
=500  \\$aIllustration at head of title.
=500  \\$aCaption title.
=500  \\$aImprint from colophon.
=500  \\$a"Letrilla nueva al mismo asunto": p. [2-3].
=500  \\$a"Representacion que ha hecho á su Embajador en Paris un emigrado español": p. [4].
=599  \\$aItem no. T169 in volume 12330.l.22.v6.$5Uk
=533  \\$aElectronic Reproduction$bLondon$cBritish Library$d2012$nItem no. T169 in volume 12330.l.22.v6.$5Uk
=650  \0$aSatire, Spanish.
=650  \0$aPoverty$zSpain.
=650  \0$aFamines$zSpain.
=650  \4$aSátira española.
=650  \4$aPobreza$zEspaña.
=650  \4$aHambre$zEspaña.
=655  \7$aChapbooks$zSpain.$2rbgenr
=740  02$aLetrilla nueva al mismo asunto.
=740  02$aRepresentacion que ha hecho á su Embajador en Paris un emigrado español.
=752  \\$aSpain$dMadrid.
=856  40$uhttp://cudl.lib.cam.ac.uk/view/PR-12330-L-00022-V6-00169$yCambridge Digital Library
=859  \\$aXLD$bCambridge Digital Library
=CAT  \\$aWR14_159$b00$c20141016$lBLL01$h1656
=CAT  \\$aWR14_181$c20150323$lBLL01$h1403
=CAT  \\$aW1606-1753$c20171028$lBLL01$h1604
=SRC  \\$aBLWrongdoing
=LAS  \\$aW1606-1753$b00$c20171028$lBLL01$h1604

