=LDR  01815 am a2200469 a 4500
=001  016895108
=003  Uk
=005  20140404171025.0
=006  m\\\\||\\d\|\\\\\\
=007  cr\|||||||||||
=008  140404q18571882sp\a\\\\o\\\\\000\0\spa\d
=FMT  \\$a  BK
=040  \\$aUkCU$beng$cUkCU$dUk
=245  00$aDesafio del agua y del vino :$bNueva y curiosa relacion en que se refiere el pleito y público desafío que tuvo el agua con el vino para saber cual de los dos era de mayor utilidad y provecho.
=246  30$aNueva y curiosa relacion en que se refiere el pleito y público desafío que tuvo el agua con el vino
=260  \\$aMadrid :$bImp. Universal de F. Hernandez, Oso, 21, pral.,$c[between 1857 and 1882]
=300  \\$a1 online resource
=336  \\$atext$2rdacontent
=337  \\$acomputer$2rdamedia
=338  \\$aonline resources$2rdacarrier
=500  \\$aText printed in two columns.
=500  \\$aIn verse.
=500  \\$aIllustration at head of title.
=500  \\$aCaption title.
=500  \\$aImprint from colophon.
=599  \\$aItem no. T171x in volume 12330.l.22.v6.$5Uk
=533  \\$aElectronic Reproduction$bLondon$cBritish Library$d2012$nItem no. T171x in volume 12330.l.22.v6.$5Uk
=650  \0$aSatire, Spanish.
=650  \0$aWine.
=650  \0$aWater.
=650  \4$aSátira española.
=650  \4$aVino.
=650  \4$aAgua
=655  \7$aChapbooks$zSpain.$2rbgenr
=752  \\$aSpain$dMadrid.
=856  40$uhttp://cudl.lib.cam.ac.uk/view/PR-12330-L-00022-V6-00171-X$yCambridge Digital Library
=859  \\$aXLD$bCambridge Digital Library
=CAT  \\$aWR14_159$b00$c20141016$lBLL01$h1656
=CAT  \\$aWR14_181$c20150323$lBLL01$h1403
=CAT  \\$aW1606-1753$c20171028$lBLL01$h1604
=SRC  \\$aBLWrongdoing
=LAS  \\$aW1606-1753$b00$c20171028$lBLL01$h1604

