=LDR  01598 am a2200433 a 4500
=001  016895110
=003  Uk
=005  20140404171708.0
=006  m\\\\||\\d\|\\\\\\
=007  cr\|||||||||||
=008  140404q18571882sp\a\\\\o\\\\\000\0\spa\d
=FMT  \\$a  BK
=040  \\$aUkCU$beng$cUkCU$dUk
=245  03$aEl ojo abierto que han de tener los hombres cuando traten con las mujeres :$bsátira nueva.
=260  \\$aMadrid :$bImp. Universal de F. Hernandez, Oso, 21, pral.,$c[between 1857 and 1882]
=300  \\$a1 online resource
=336  \\$atext$2rdacontent
=337  \\$acomputer$2rdamedia
=338  \\$aonline resources$2rdacarrier
=500  \\$aText printed in two columns.
=500  \\$aIn verse.
=500  \\$aThree separate illustrations at head of title.
=500  \\$aCaption title.
=500  \\$aImprint from colophon.
=599  \\$aItem no. T173 in volume 12330.l.22.v6.$5Uk
=533  \\$aElectronic Reproduction$bLondon$cBritish Library$d2012$nItem no. T173 in volume 12330.l.22.v6.$5Uk
=650  \0$aMan-woman relationships.
=650  \0$aSatire, Spanish.
=650  \4$aRelaciones hombre-mujer.
=650  \4$aSátira española.
=655  \7$aChapbooks$zSpain.$2rbgenr
=752  \\$aSpain$dMadrid.
=856  40$uhttp://cudl.lib.cam.ac.uk/view/PR-12330-L-00022-V6-00173$yCambridge Digital Library
=859  \\$aXLD$bCambridge Digital Library
=CAT  \\$aWR14_159$b00$c20141016$lBLL01$h1656
=CAT  \\$aWR14_181$c20150323$lBLL01$h1403
=CAT  \\$aW1606-1753$c20171028$lBLL01$h1604
=SRC  \\$aBLWrongdoing
=LAS  \\$aW1606-1753$b00$c20171028$lBLL01$h1604

