=LDR  01962 am a2200445 a 4500
=001  016895114
=003  Uk
=005  20140410152928.0
=006  m\\\\||\\d\|\\\\\\
=007  cr\|||||||||||
=008  140410q18571882sp\a\\\\o\\\\\000\0\spa\d
=FMT  \\$a  BK
=040  \\$aUkCU$beng$cUkCU$dUk
=245  00$aDoña Margarita Cachuela :$bNueva relacion que hace de los vicios y costumbres de los hombres, advirtiendo á las mujeres que no se casen.
=246  30$aNueva relacion que hace de los vicios y costumbres de los hombres, advirtiendo á las mujeres que no se casen
=260  \\$aMadrid :$bImp. Universal de F. Hernandez, Oso, 21, pral.,$c[between 1857 and 1882]
=300  \\$a1 online resource
=336  \\$atext$2rdacontent
=337  \\$acomputer$2rdamedia
=338  \\$aonline resources$2rdacarrier
=500  \\$aText printed in two columns.
=500  \\$aIn verse.
=500  \\$aTwo separate illustrations at head of title.
=500  \\$aCaption title.
=500  \\$aImprint from colophon.
=500  \\$aIn two parts. Part two has title: "Segunda parte donde se declara Fabian esposo de Margarita y todo cuanto con ella le ha sucedido."
=599  \\$aItem no. T177 in volume 12330.l.22.v6.$5Uk
=533  \\$aElectronic Reproduction$bLondon$cBritish Library$d2012$nItem no. T177 in volume 12330.l.22.v6.$5Uk
=650  \0$aMen$xConduct of life.
=650  \4$aHombres$xConducta de vida.
=655  \7$aChapbooks$zSpain.$2rbgenr
=740  02$aSegunda parte donde se declara Fabian esposo de Margarita y todo cuanto con ella le ha sucedido.
=752  \\$aSpain$dMadrid.
=856  40$uhttp://cudl.lib.cam.ac.uk/view/PR-12330-L-00022-V6-00177$yCambridge Digital Library
=859  \\$aXLD$bCambridge Digital Library
=CAT  \\$aWR14_159$b00$c20141016$lBLL01$h1656
=CAT  \\$aWR14_181$c20150323$lBLL01$h1403
=CAT  \\$aW1606-1753$c20171028$lBLL01$h1604
=SRC  \\$aBLWrongdoing
=LAS  \\$aW1606-1753$b00$c20171028$lBLL01$h1604

