=LDR  01525 am a2200445 a 4500
=001  016895117
=003  Uk
=005  20140410154822.0
=006  m\\\\||\\d\|\\\\\\
=007  cr\|||||||||||
=008  140410q18011850sp\a\\\\o\\\\\000\0\spa\\
=FMT  \\$a  BK
=040  \\$aUkCU$beng$cUkCU$dUk
=245  03$aEl violin encantado.
=260  \\$aUtrera :$bImprenta y librería de los Ayuntamientos, Vereda, 80,$c[between 1801 and 1850?]
=300  \\$a1 online resource
=336  \\$atext$2rdacontent
=337  \\$acomputer$2rdamedia
=338  \\$aonline resources$2rdacarrier
=500  \\$aText printed in two columns.
=500  \\$aIn verse.
=500  \\$aIllustration at head of title.
=500  \\$aCaption title.
=500  \\$aImprint from colophon.
=599  \\$aItem no. T180 in volume 12330.l.22.v6.$5Uk
=533  \\$aElectronic Reproduction$bLondon$cBritish Library$d2012$nItem no. T180 in volume 12330.l.22.v6.$5Uk
=650  \0$aIncantations.
=650  \0$aViolin.
=650  \4$aEncantamientos.
=650  \4$aViolín.
=655  \7$aChapbooks$zSpain.$2rbgenr
=662  \\$aSwitzerland$dGeneva$2lcsh-naf
=752  \\$aSpain$dUtrera.
=856  40$uhttp://cudl.lib.cam.ac.uk/view/PR-12330-L-00022-V6-00180$yCambridge Digital Library
=859  \\$aXLD$bCambridge Digital Library
=CAT  \\$aWR14_159$b00$c20141016$lBLL01$h1656
=CAT  \\$aWR14_181$c20150323$lBLL01$h1403
=CAT  \\$aW1606-1753$c20171028$lBLL01$h1604
=SRC  \\$aBLWrongdoing
=LAS  \\$aW1606-1753$b00$c20171028$lBLL01$h1604

