=LDR  01879 am a2200493 a 4500
=001  016895119
=003  Uk
=005  20140410160133.0
=006  m\\\\||\\d\|\\\\\\
=007  cr\|||||||||||
=008  140410q18011850sp\a\\\\o\\\\\000\0\spa\d
=FMT  \\$a  BK
=040  \\$aUkCU$beng$cUkCU$dUk
=245  00$aNueva relacion y lastimoso romance, en que se da cuenta y declara la mala vida de una doncella del reino de Portugal y cómo por sus maldades permitió Dios se transformase en mula :$bcomo verá el curioso lector.
=260  \\$aUtrera :$bImprenta y librería de los Ayuntamientos, Vereda, 80,$c[between 1801 and 1850?]
=300  \\$a1 online resource
=336  \\$atext$2rdacontent
=337  \\$acomputer$2rdamedia
=338  \\$aonline resources$2rdacarrier
=500  \\$aText printed in two columns.
=500  \\$aIn verse.
=500  \\$aIllustration at head of title.
=500  \\$aCaption title.
=500  \\$aImprint from colophon.
=599  \\$aItem no. T182 in volume 12330.l.22.v6.$5Uk
=533  \\$aElectronic Reproduction$bLondon$cBritish Library$d2012$nItem no. T182 in volume 12330.l.22.v6.$5Uk
=600  00$aJesus Christ$xApparitions and miracles.
=600  04$aJesucristo$xApariciones y milagros.
=650  \0$aWomen$xReligious life.
=650  \0$aSin.
=650  \4$aMujeres$xVida religiosa.
=650  \4$aPecado.
=650  \4$aDemonio.
=650  \4$aMulos.
=655  \7$aChapbooks$zSpain.$2rbgenr
=662  \\$aPortugal$2lcsh-naf
=752  \\$aSpain$dUtrera.
=856  40$uhttp://cudl.lib.cam.ac.uk/view/PR-12330-L-00022-V6-00182$yCambridge Digital Library
=859  \\$aXLD$bCambridge Digital Library
=CAT  \\$aWR14_159$b00$c20141016$lBLL01$h1656
=CAT  \\$aWR14_181$c20150323$lBLL01$h1403
=CAT  \\$aW1606-1753$c20171028$lBLL01$h1604
=SRC  \\$aBLWrongdoing
=LAS  \\$aW1606-1753$b00$c20171028$lBLL01$h1604

