=LDR  01907 am a2200433 a 4500
=001  016895127
=003  Uk
=005  20140411111249.0
=006  m\\\\||\\d\|\\\\\\
=007  cr\|||||||||||
=008  140411q18441864sp\\\\\\o\\\\\000\0\spa\d
=FMT  \\$a  BK
=040  \\$aUkCU$beng$cUkCU$dUk
=245  00$aDon Inestimable :$by gracia singularísima emanada de la cabeza visible de la iglesia, á sus miembros que son los verdaderos creyentes.
=260  \\$aReimpreso en Carmona :$bImp. de D. J. M. Moreno,$c[between 1844 and 1864?]
=300  \\$a1 online resource
=336  \\$atext$2rdacontent
=337  \\$acomputer$2rdamedia
=338  \\$aonline resources$2rdacarrier
=500  \\$aIn verse.
=500  \\$aCaption title.
=500  \\$aImprint from colophon.
=500  \\$aOracion a Jesucristo crucificado -- Corona de rosas para que sus devotos adornen á María Santísima nuestra Madre y Señora.
=599  \\$aItem no. T191 in volume 12330.l.22.v6.$5Uk
=599  \\$aThe pliego, consisting of 2 pages, appears in duplicate.$5Uk
=533  \\$aElectronic Reproduction$bLondon$cBritish Library$d2012$nItem no. T191 in volume 12330.l.22.v6.$nThe pliego, consisting of 2 pages, appears in duplicate.$5Uk
=650  \0$aDevotional literature.
=650  \4$aLiteratura devocional.
=655  \7$aChapbooks$zSpain.$2rbgenr
=740  02$aOracion a Jesucristo crucificado.
=740  02$aCorona de rosas para que sus devotos adornen á María Santísima nuestra Madre y Señora.
=752  \\$aSpain$dCarmona (Seville)
=856  40$uhttp://cudl.lib.cam.ac.uk/view/PR-12330-L-00022-V6-00191$yCambridge Digital Library
=859  \\$aXLD$bCambridge Digital Library
=CAT  \\$aWR14_159$b00$c20141016$lBLL01$h1656
=CAT  \\$aWR14_181$c20150323$lBLL01$h1403
=CAT  \\$aW1606-1753$c20171028$lBLL01$h1604
=SRC  \\$aBLWrongdoing
=LAS  \\$aW1606-1753$b00$c20171028$lBLL01$h1604

