=LDR  02378 am a2200517 a 4500
=001  016895128
=003  Uk
=005  20140411121533.0
=006  m\\\\||\\d\|\\\\\\
=007  cr\|||||||||||
=008  140411q18771890sp\a\\\\o\\\\\000\0\spa\d
=FMT  \\$a  BK
=040  \\$aUkCU$beng$cUkCU$dUk
=245  00$aPapel nuevo en que se declara el portentoso y maravilloso milagro que ha obrado Santa Bárbara bendita con un joven pastorcillo devoto suyo :$bcon lo demás que verá el curioso lector.
=260  \\$aSevilla :$bLibrería de D. José G. Fernandez, Genova 29,$c[between 1877 and 1890?]
=300  \\$a1 online resource
=336  \\$atext$2rdacontent
=337  \\$acomputer$2rdamedia
=338  \\$aonline resources$2rdacarrier
=500  \\$aSome text printed in two columns.
=500  \\$aIn verse and prose.
=500  \\$aIllustration on p. [1]; additional illustration at head of p. [4].
=500  \\$aCaption title.
=500  \\$aImprint from colophon on p. [2].
=500  \\$a"Nuevo y curioso papel en el que se dá cuenta y declara la gran tormenta de fuego y piedra que ha caido en este presente año, el 15 del mes pasado en Campo-Mayor de Portugal y el milagro que ha obrado S. Antonio de Padua": p. [3].
=500  \\$a"Oracion á San Antonio compuesta por el R.P. Fray Juan Luna": p. [4].
=599  \\$aItem no. T192 in volume 12330.l.22.v6.$5Uk
=533  \\$aElectronic Reproduction$bLondon$cBritish Library$d2012$nItem no. T192 in volume 12330.l.22.v6.$5Uk
=650  \0$aChristian literature, Spanish.
=650  \0$aMiracles.
=650  \0$aStorms.
=650  \4$aLiteratura religiosa española.
=650  \4$aMilagros.
=650  \4$aTormentas.
=650  \4$aPastores.
=655  \7$aChapbooks$zSpain.$2rbgenr
=740  02$aNuevo y curioso papel en el que se dá cuenta y declara la gran tormenta de fuego y piedra que ha caido en este presente año.
=740  02$aOracion á San Antonio compuesta por el R.P. Fray Juan Luna.
=752  \\$aSpain$dSeville.
=856  40$uhttp://cudl.lib.cam.ac.uk/view/PR-12330-L-00022-V6-00192$yCambridge Digital Library
=859  \\$aXLD$bCambridge Digital Library
=CAT  \\$aWR14_159$b00$c20141016$lBLL01$h1656
=CAT  \\$aWR14_181$c20150323$lBLL01$h1403
=CAT  \\$aW1606-1753$c20171028$lBLL01$h1604
=SRC  \\$aBLWrongdoing
=LAS  \\$aW1606-1753$b00$c20171028$lBLL01$h1604

