=LDR  01397 am a2200397 a 4500
=001  016895129
=003  Uk
=005  20140411121937.0
=006  m\\\\||\\d\|\\\\\\
=007  cr\|||||||||||
=008  140411q18011850sp\\\\\\o\\\\\000\0\spa\d
=FMT  \\$a  BK
=040  \\$aUkCU$beng$cUkCU$dUk
=245  00$aVida y muerte de Sanson.
=260  \\$aUtrera :$bImp. y lib. de los Ayuntamientos, Vereda, 80,$c[between 1801 and 1850?]
=300  \\$a1 online resource
=336  \\$atext$2rdacontent
=337  \\$acomputer$2rdamedia
=338  \\$aonline resources$2rdacarrier
=500  \\$aText printed in two columns.
=500  \\$aIn verse.
=500  \\$aCaption title.
=500  \\$aImprint from colophon.
=599  \\$aItem no. T193 in volume 12330.l.22.v6.$5Uk
=533  \\$aElectronic Reproduction$bLondon$cBritish Library$d2012$nItem no. T193 in volume 12330.l.22.v6.$5Uk
=650  \0$aSamson$c(Biblical judge)
=653  \1$aSansón--Juez bíblico.
=655  \7$aChapbooks$zSpain.$2rbgenr
=752  \\$aSpain$dUtrera.
=856  40$uhttp://cudl.lib.cam.ac.uk/view/PR-12330-L-00022-V6-00193$yCambridge Digital Library
=859  \\$aXLD$bCambridge Digital Library
=CAT  \\$aWR14_159$b00$c20141016$lBLL01$h1656
=CAT  \\$aWR14_181$c20150323$lBLL01$h1403
=CAT  \\$aW1606-1753$c20171028$lBLL01$h1604
=SRC  \\$aBLWrongdoing
=LAS  \\$aW1606-1753$b00$c20171028$lBLL01$h1604

