=LDR  01753 am a2200409 a 4500
=001  016895134
=003  Uk
=005  20140417120815.0
=006  m\\\\||\\d\|\\\\\\
=007  cr\|||||||||||
=008  140417q17001850sp\a\\\\o\\\\\000\0\spa\\
=FMT  \\$a  BK
=040  \\$aUkCU$beng$cUkCU$dUk
=245  00$aEsta oracion dio un angel, en trage de peregrino en el convento de nuestra Señora de la Peña de Crinta de la orden de San Geronymo, por las piedras y centellas que caían en él, matando tantos religiosos, que estuvieron resueltos á desamparar el convento :$by desde que se puso en una piedra del campanario, no han caído mas centellas.
=260  \\$a[S.l. :$bs.n.,$cbetween 1700 and 1850?]
=300  \\$a1 online resource
=336  \\$atext$2rdacontent
=337  \\$acomputer$2rdamedia
=338  \\$aonline resources$2rdacarrier
=500  \\$aText printed in two columns.
=500  \\$aIn verse.
=500  \\$aIllustration incorporated within title.
=500  \\$aCaption title.
=500  \\$a"Coplas a Santa Barbara": p. [2].
=599  \\$aItem no. T41 in volume 12330.l.1.$5Uk
=533  \\$aElectronic Reproduction$bLondon$cBritish Library$d2012$nItem no. T41 in volume 12330.l.1.$5Uk
=650  \0$aChristian literature, Spanish.
=650  \4$aLiteratura religiosa española.
=655  \7$aChapbooks$zSpain.$2rbgenr
=740  02$aCoplas a Santa Barbara.
=856  40$uhttp://cudl.lib.cam.ac.uk/view/PR-12330-L-00001-00041$yCambridge Digital Library
=859  \\$aXLD$bCambridge Digital Library
=CAT  \\$aWR14_159$b00$c20141016$lBLL01$h1656
=CAT  \\$aWR14_181$c20150323$lBLL01$h1403
=CAT  \\$aW1606-1753$c20171028$lBLL01$h1604
=SRC  \\$aBLWrongdoing
=LAS  \\$aW1606-1753$b00$c20171028$lBLL01$h1604

