=LDR  01671 am a2200433 a 4500
=001  016895135
=003  Uk
=005  20140417121424.0
=006  m\\\\||\\d\|\\\\\\
=007  cr\|||||||||||
=008  140417q17991850sp\a\\\\o\\\\\000\0\spa\\
=FMT  \\$a  BK
=040  \\$aUkCU$beng$cUkCU$dUk
=245  00$aNueva relacion, curioso y verdadero romance en que se dá cuenta y declara el fin de los sucesos y vida del Señor San Albano : con todas las circunstancias, que verá el curioso lector.
=260  \\$a[S.l. :$bs.n.,$cbetween 1799 and 1850?]
=300  \\$a1 online resource
=336  \\$atext$2rdacontent
=337  \\$acomputer$2rdamedia
=338  \\$aonline resources$2rdacarrier
=500  \\$aText printed in two columns.
=500  \\$aIllustration at head of title; second part with additional illustration at head of title.
=500  \\$aIn verse.
=500  \\$aCaption title.
=500  \\$aIn two parts.
=599  \\$aItem no. T42 in volume 12330.l.1.$5Uk
=533  \\$aElectronic Reproduction$bLondon$cBritish Library$d2012$nItem no. T42 in volume 12330.l.1.$5Uk
=650  04$aSan Albano (Fictitious character)
=650  \0$aIncest.
=650  \4$aIncesto.
=653  \1$aSan Albano (Personaje ficticio)
=655  \7$aChapbooks$zSpain.$2rbgenr
=662  \\$aHungary$2lcsh-naf
=856  40$uhttp://cudl.lib.cam.ac.uk/view/PR-12330-L-00001-00042$yCambridge Digital Library
=859  \\$aXLD$bCambridge Digital Library
=CAT  \\$aWR14_159$b00$c20141016$lBLL01$h1656
=CAT  \\$aWR14_181$c20150323$lBLL01$h1403
=CAT  \\$aW1606-1753$c20171028$lBLL01$h1604
=SRC  \\$aBLWrongdoing
=LAS  \\$aW1606-1753$b00$c20171028$lBLL01$h1604

