=LDR  01693 am a2200421 a 4500
=001  016895136
=003  Uk
=005  20140417122628.0
=006  m\\\\||\\d\|\\\\\\
=007  cr\|||||||||||
=008  140417q17001850sp\a\\\\o\\\\\000\0\spa\\
=FMT  \\$a  BK
=040  \\$aUkCU$beng$cUkCU$dUk
=245  00$aNuestra Señora de la Luz :$bhay concedidas innumerables indulgencias rezando una Salve ó Ave Maria delante esta imágen.
=260  \\$a[S.l. :$bs.n.,$cbetween 1700 and 1850?]
=300  \\$a1 online resource
=336  \\$atext$2rdacontent
=337  \\$acomputer$2rdamedia
=338  \\$aonline resources$2rdacarrier
=500  \\$aText printed in two columns.
=500  \\$aIn verse.
=500  \\$aIllustration at head of title; additional illustration at head of p. [3].
=500  \\$aCaption title.
=500  \\$a"Oracion a San Antonio de Padua": p. [3-4].
=599  \\$aItem no. T44 in volume 12330.l.1.$5Uk
=599  \\$aLibrary copy has p. [3] bound after p. [4].$5Uk
=533  \\$aElectronic Reproduction$bLondon$cBritish Library$d2012$nItem no. T44 in volume 12330.l.1.$nLibrary copy has p. [3] bound after p. [4].$5Uk
=650  \0$aChristian literature, Spanish.
=650  \4$aLiteratura religiosa española.
=655  \7$aChapbooks$zSpain.$2rbgenr
=740  0\$aOracion a San Antonio de Padua.
=856  40$uhttp://cudl.lib.cam.ac.uk/view/PR-12330-L-00001-00044$yCambridge Digital Library
=859  \\$aXLD$bCambridge Digital Library
=CAT  \\$aWR14_159$b00$c20141016$lBLL01$h1656
=CAT  \\$aWR14_181$c20150323$lBLL01$h1403
=CAT  \\$aW1606-1753$c20171028$lBLL01$h1604
=SRC  \\$aBLWrongdoing
=LAS  \\$aW1606-1753$b00$c20171028$lBLL01$h1604

