=LDR  01925 am a2200433 a 4500
=001  016895138
=003  Uk
=005  20140417144911.0
=006  m\\\\||\\d\|\\\\\\
=007  cr\|||||||||||
=008  140417q17991850sp\a\\\\o\\\\\000\0\spa\\
=FMT  \\$a  BK
=040  \\$aUkCU$beng$cUkCU$dUk
=245  00$aNueva relacion y curioso romance en que se declara y dá cuenta del mas notable suceso que sucedió á un caballero, natural de Xerez :$bDase cuenta como le salió el demonio en forma de muger, imponiendole un falso testimonio diciendole como su esposa le era traidora y como por intercesion de s. Antonio de Padua se vieron libres : con lo demas que verá el curioso lector : sucedió en el mes de enero de este presente año.
=260  \\$a[S.l. :$bs.n.,$cbetween 1799 and 1850?]
=300  \\$a1 online resource
=336  \\$atext$2rdacontent
=337  \\$acomputer$2rdamedia
=338  \\$aonline resources$2rdacarrier
=500  \\$aText printed in two columns.
=500  \\$aIllustration at head of title.
=500  \\$aIn verse.
=500  \\$aCaption title.
=599  \\$aItem no. T58 in volume 12330.l.1.$5Uk
=533  \\$aElectronic Reproduction$bLondon$cBritish Library$d2012$nItem no. T58 in volume 12330.l.1.$5Uk
=600  00$aAnthony,$cof Padua, Saint,$d1195-1231$xMiracles.
=650  \0$aDevil.
=650  \4$aDemonio.
=653  \1$aSan Antonio de Padua, 1195-1231--Milagros.
=655  \7$aChapbooks$zSpain.$2rbgenr
=662  \\$aSpain$dJerez de la Frontera$2lcsh-naf
=856  40$uhttp://cudl.lib.cam.ac.uk/view/PR-12330-L-00001-00058$yCambridge Digital Library
=859  \\$aXLD$bCambridge Digital Library
=CAT  \\$aWR14_159$b00$c20141016$lBLL01$h1656
=CAT  \\$aBATCH-UPD$b00$c20141016$lBLL01$h1713
=CAT  \\$aWR14_181$c20150323$lBLL01$h1403
=CAT  \\$aW1606-1753$c20171028$lBLL01$h1604
=SRC  \\$aBLWrongdoing
=LAS  \\$aW1606-1753$b00$c20171028$lBLL01$h1604

