=LDR  02029 am a2200457 a 4500
=001  016895139
=003  Uk
=005  20140417150855.0
=006  m\\\\||\\d\|\\\\\\
=007  cr\|||||||||||
=008  140417q17991850sp\a\\\\o\\\\\000\0\spa\\
=FMT  \\$a  BK
=040  \\$aUkCU$beng$cUkCU$dUk
=245  00$aCoplas funebres, lastimosas y contemplativas de los gritos que dan las almas santas del Purgatorio, implorando el favor y auxilio á todos los fieles cristianos, el socorro y el alivio en sus mayores penas y crecidos tormentos, esperando salir de tan terribles martirios para descansar en el Señor :$bprimera parte.
=260  \\$a[S.l. :$bs.n.,$cbetween 1799 and 1850?]
=300  \\$a1 online resource
=336  \\$atext$2rdacontent
=337  \\$acomputer$2rdamedia
=338  \\$aonline resources$2rdacarrier
=500  \\$aText printed in two columns.
=500  \\$aIn verse.
=500  \\$aTwo separate illustrations at head of title; second part with two additional illustrations at head of title.
=500  \\$aCaption title.
=500  \\$aIn two parts. Part two has title: "Segunda parte de los inexplicables tormentos y penas que padecen las almas en el Purgatorio."
=599  \\$aItem no. T64 in volume 12330.l.1.$5Uk
=533  \\$aElectronic Reproduction$bLondon$cBritish Library$d2012$nItem no. T64 in volume 12330.l.1.$5Uk
=650  \0$aPurgatory.
=650  \0$aMartyrdom.
=650  \0$aGood and evil.
=650  \4$aPurgatorio.
=650  \4$aMartirio.
=650  \4$aBien y mal.
=655  \7$aChapbooks$zSpain.$2rbgenr
=740  0\$aSegunda parte de los inexplicables tormentos y penas que padecen las almas en el Purgatorio.
=856  40$uhttp://cudl.lib.cam.ac.uk/view/PR-12330-L-00001-00064$yCambridge Digital Library
=859  \\$aXLD$bCambridge Digital Library
=CAT  \\$aWR14_159$b00$c20141016$lBLL01$h1656
=CAT  \\$aWR14_181$c20150323$lBLL01$h1403
=CAT  \\$aW1606-1753$c20171028$lBLL01$h1604
=SRC  \\$aBLWrongdoing
=LAS  \\$aW1606-1753$b00$c20171028$lBLL01$h1604

