=LDR  01745 am a2200397 a 4500
=001  016895142
=003  Uk
=005  20140417165715.0
=006  m\\\\||\\d\|\\\\\\
=007  cr\|||||||||||
=008  140417s1814\\\\sp\\\\\\o\\\\\000\0\spa\\
=FMT  \\$a  BK
=040  \\$aUkCU$beng$cUkCU$dUk
=245  00$aModo facil para saber los nombres de todas las personas, así hombres como mugeres con un metodo curioso :$bpara aprender á adivinar en qué mes ha nacido, en qué dia, y en qué hora y quanta edad tiene : si ha nacido de noche ú de dia, y otras muchas curiosidades para los que quieran divertirse.
=260  \\$aMadrid :$bSe hallará en la Imprenta de Lopez García y Hermano, calle de la Espada, numero 11,$cAño 1814.
=300  \\$a1 online resource
=336  \\$atext$2rdacontent
=337  \\$acomputer$2rdamedia
=338  \\$aonline resources$2rdacarrier
=500  \\$aIn verse.
=500  \\$aCaption title.
=500  \\$aThe pliego, consisting of [8] pages, appears in duplicate.$5Uk
=546  \\$a"Traducido de italiano en inglés, y nuevamente en castellano."
=599  \\$aItem no. T76 in volume 12330.l.1.$5Uk
=533  \\$aElectronic Reproduction$bLondon$cBritish Library$d2012$nItem no. T76 in volume 12330.l.1.$5Uk
=650  \0$aProphecy.
=650  \4$aAdivinación.
=655  \7$aChapbooks$zSpain.$2rbgenr
=752  \\$aSpain$dMadrid.
=856  40$uhttp://cudl.lib.cam.ac.uk/view/PR-12330-L-00001-00076$yCambridge Digital Library
=859  \\$aXLD$bCambridge Digital Library
=CAT  \\$aWR14_159$b00$c20141016$lBLL01$h1656
=CAT  \\$aWR14_181$c20150323$lBLL01$h1403
=CAT  \\$aW1606-1753$c20171028$lBLL01$h1604
=SRC  \\$aBLWrongdoing
=LAS  \\$aW1606-1753$b00$c20171028$lBLL01$h1604

