=LDR  01491 am a2200397 a 4500
=001  016895143
=003  Uk
=005  20140531123753.0
=006  m\\\\||\\d\|\\\\\\
=007  cr\|||||||||||
=008  140417s1820\\\\sp\a\\\\o\\\\\000\0\spa\\
=FMT  \\$a  BK
=040  \\$aUkCU$beng$cUkCU$dUk
=245  00$aSalve que se canta en las cárceles de esta corte cuando los reos se hallan en la capilla.
=260  \\$aMadrid :$bImprenta de Alejo Lopez García, calle de los Abades,$cAño de 1820.
=300  \\$a1 online resource
=336  \\$atext$2rdacontent
=337  \\$acomputer$2rdamedia
=338  \\$aonline resources$2rdacarrier
=500  \\$aIllustration incorporated within title.
=500  \\$aIn verse and prose.
=500  \\$aCaption title.
=599  \\$aItem no. T78 in volume 12330.l.1.$5Uk
=533  \\$aElectronic Reproduction$bLondon$cBritish Library$d2012$nItem no. T78 in volume 12330.l.1.$5Uk
=650  \0$aDevotional literature, Spanish.
=650  \4$aLiteratura devocional.
=655  \7$aChapbooks$zSpain.$2rbgenr
=700  1\$aLópez García, Alejo,$eprinter.$5Uk
=752  \\$aSpain$dMadrid.
=856  40$uhttp://cudl.lib.cam.ac.uk/view/PR-12330-L-00001-00078$yCambridge Digital Library
=859  \\$aXLD$bCambridge Digital Library
=CAT  \\$aWR14_159$b00$c20141016$lBLL01$h1656
=CAT  \\$aWR14_181$c20150323$lBLL01$h1403
=CAT  \\$aW1606-1753$c20171028$lBLL01$h1604
=SRC  \\$aBLWrongdoing
=LAS  \\$aW1606-1753$b00$c20171028$lBLL01$h1604

