=LDR  02387 am a2200505 a 4500
=001  016895144
=003  Uk
=005  20140422101457.0
=006  m\\\\||\\d\|\\\\\\
=007  cr\|||||||||||
=008  140422q18191900sp\a\\\\o\\\\\000\0\spa\\
=FMT  \\$a  BK
=040  \\$aUkCU$beng$cUkCU$dUk
=245  00$aVerdadera relacion y curioso romance en que se declara el rigoroso castigo que Dios ejecutó con una jóven de diez y ocho años, en el reyno de Valencia :$bRefiérese como por haber levantado la mano á su madre, la echó una maldicion como la comprehendió al momento y como se vió libre de una escuadra infernal por la intercesion de María Santísima del Rosario y los cuatro evangelistas : con lo demas que verá el curioso lector.
=260  \\$aValladolid :$bEn la imprenta de Fernando Santaren,$c[between 1819 and 1900?]
=300  \\$a1 online resource
=336  \\$atext$2rdacontent
=337  \\$acomputer$2rdamedia
=338  \\$aonline resources$2rdacarrier
=500  \\$aText printed in two columns.
=500  \\$aIn verse.
=500  \\$aIllustration at head of title.
=500  \\$aCaption title.
=500  \\$aImprint from colophon.
=500  \\$aIn two parts. Part two has title: "Segunda parte donde se prosiguen los sucesos acaecidos con esta inobediente hija, con lo demas que verá el curioso lector."
=599  \\$aItem no. T82 in volume 12330.l.1.$5Uk
=533  \\$aElectronic Reproduction$bLondon$cBritish Library$d2012$nItem no. T82 in volume 12330.l.1.$5Uk
=650  \0$aRosary, Our Lady of the$xApparitions and miracles.
=650  \0$aMothers and daughters.
=650  \0$aConduct of life.
=650  \4$aMadres e hijas.
=650  \4$aConducta de vida.
=650  \4$aDiablo.
=653  \1$aNuestra Señora del Rosario--Apariciones y milagros.
=655  \7$aChapbooks$zSpain.$2rbgenr
=662  \\$aSpain$dValencia$2lcsh-naf
=740  02$aSegunda parte donde se prosiguen los sucesos acaecidos con esta inobediente hija.
=752  \\$aSpain$dValladolid.
=856  40$uhttp://cudl.lib.cam.ac.uk/view/PR-12330-L-00001-00082$yCambridge Digital Library
=859  \\$aXLD$bCambridge Digital Library
=CAT  \\$aWR14_159$b00$c20141016$lBLL01$h1656
=CAT  \\$aWR14_181$c20150323$lBLL01$h1403
=CAT  \\$aW1606-1753$c20171028$lBLL01$h1604
=SRC  \\$aBLWrongdoing
=LAS  \\$aW1606-1753$b00$c20171028$lBLL01$h1604

