=LDR  01610 am a2200433 a 4500
=001  016895149
=003  Uk
=005  20140422105525.0
=006  m\\\\||\\d\|\\\\\\
=007  cr\|||||||||||
=008  140422q17311764sp\\\\\\o\\\\\000\0\spa\\
=FMT  \\$a  BK
=040  \\$aUkCU$beng$cUkCU$dUk
=100  1\$aCalderón de la Barca, Pedro,$d1600-1681.
=240  10$aNo ay burlas con el amor.$kSelections
=245  10$aRelacion No ay burlas con el amor /$cde Don Pedro Calderon.
=260  \\$aImpressa en Cordoba :$bEn el Colegio de nuestra Señora de la Assumpcion,$c[between 1731 and 1764?]
=300  \\$a1 online resource
=336  \\$atext$2rdacontent
=337  \\$acomputer$2rdamedia
=338  \\$aonline resources$2rdacarrier
=500  \\$aText printed in two columns.
=500  \\$aIn verse.
=500  \\$aCaption title.
=500  \\$aImprint from colophon.
=500  \\$aSelections from the text by Pedro Calderón de la Barca.
=599  \\$aItem no. T91 in volume 12330.l.1.$5Uk
=533  \\$aElectronic Reproduction$bLondon$cBritish Library$d2012$nItem no. T91 in volume 12330.l.1.$5Uk
=650  \0$aSpanish drama.
=650  \4$aTeatro español.
=655  \7$aChapbooks$zSpain.$2rbgenr
=752  \\$aSpain$dCórdoba.
=856  40$uhttp://cudl.lib.cam.ac.uk/view/PR-12330-L-00001-00091$yCambridge Digital Library
=859  \\$aXLD$bCambridge Digital Library
=CAT  \\$aWR14_159$b00$c20141016$lBLL01$h1656
=CAT  \\$aWR14_181$c20150323$lBLL01$h1403
=CAT  \\$aW1606-1753$c20171028$lBLL01$h1604
=SRC  \\$aBLWrongdoing
=LAS  \\$aW1606-1753$b00$c20171028$lBLL01$h1604

