=LDR  01721 am a2200409 a 4500
=001  016895152
=003  Uk
=005  20140423095156.0
=006  m\\\\||\\d\|\\\\\\
=007  cr\|||||||||||
=008  140423q17461774sp\a\\\\o\\\\\000\0\spa\\
=FMT  \\$a  BK
=040  \\$aUkCU$beng$cUkCU$dUk
=100  1\$aPérez, Marco.
=245  10$aRomance del Marques de Mantua :$bel qual trata como andando a cassa halló à su sobrino Valdovinos con heridas de muerte, al qual hirió el Principe Don Carloto por casar con su esposa : es muy doloroso y bien compuesto : con la sentencia de Don Carloto al fin /$ccompuesto por Marco Perez.
=260  \\$aCon licencia Valencia :$bPor Cosme Granja,$c[between 1746 and 1774]
=300  \\$a1 online resource
=336  \\$atext$2rdacontent
=337  \\$acomputer$2rdamedia
=338  \\$aonline resources$2rdacarrier
=500  \\$aText printed in two columns.
=500  \\$aIn verse.
=500  \\$aThree separate illustrations on t.p.; ornamental border.
=599  \\$aItem no. T1 in volume G.11303.$5Uk
=533  \\$aElectronic Reproduction$bLondon$cBritish Library$d2012$nItem no. T1 in volume G.11303.$5Uk
=650  \4$aMantua, Marques de (Fictitious character)
=650  \4$aCiervos.
=653  \1$aMantua, Marques de (Personaje ficticio)
=655  \7$aChapbooks$zSpain.$2rbgenr
=752  \\$aSpain$dValencia.
=856  40$uhttp://cudl.lib.cam.ac.uk/view/PR-G-11303-00001$yCambridge Digital Library
=859  \\$aXLD$bCambridge Digital Library
=CAT  \\$aWR14_159$b00$c20141016$lBLL01$h1656
=CAT  \\$aWR14_181$c20150323$lBLL01$h1403
=CAT  \\$aW1606-1753$c20171028$lBLL01$h1604
=SRC  \\$aBLWrongdoing
=LAS  \\$aW1606-1753$b00$c20171028$lBLL01$h1604

