=LDR  01687 am a2200409 a 4500
=001  016895153
=003  Uk
=005  20140423095524.0
=006  m\\\\||\\d\|\\\\\\
=007  cr\|||||||||||
=008  140423q16791705sp\a\\\\o\\\\\000\0\spa\\
=FMT  \\$a  BK
=040  \\$aUkCU$beng$cUkCU$dUk
=245  00$aCuriosa xacara nueva, en que refiere la vida, y lastimosa muerte de Doña Inés de Castro, llamada la Garza de Portugal :$by las magestuosas exequias con que la honró, despues de su muerte, el rey Don Pedro de Portugal, con otras particularidades que verá él curioso letor.
=260  \\$aBarcelona :$bPor Juan Jolis impresor, en los Algodoneros,$c[between 1679 and 1705]
=300  \\$a1 online resource
=336  \\$atext$2rdacontent
=337  \\$acomputer$2rdamedia
=338  \\$aonline resources$2rdacarrier
=500  \\$aText printed in two columns.
=500  \\$aIllustration at head of title.
=500  \\$aIn verse.
=500  \\$aCaption title.
=500  \\$aImprint from colophon.
=599  \\$aItem no. T2 in volume G.11303.$5Uk
=533  \\$aElectronic Reproduction$bLondon$cBritish Library$d2012$nItem no. T2 in volume G.11303.$5Uk
=600  10$aCastro, Inês de,$dd. 1355.
=600  14$aCastro, Inês de,$dm. 1355.
=655  \7$aChapbooks$zSpain.$2rbgenr
=752  \\$aSpain$dBarcelona.
=856  40$uhttp://cudl.lib.cam.ac.uk/view/PR-G-11303-00002$yCambridge Digital Library
=859  \\$aXLD$bCambridge Digital Library
=CAT  \\$aWR14_159$b00$c20141016$lBLL01$h1656
=CAT  \\$aWR14_181$c20150323$lBLL01$h1403
=CAT  \\$aW1606-1753$c20171028$lBLL01$h1604
=SRC  \\$aBLWrongdoing
=LAS  \\$aW1606-1753$b00$c20171028$lBLL01$h1604

