=LDR  02090 am a2200493 a 4500
=001  016895155
=003  Uk
=005  20140423100042.0
=006  m\\\\||\\d\|\\\\\\
=007  cr\|||||||||||
=008  140423q17601778sp\a\\\\o\\\\\000\0\spa\\
=FMT  \\$a  BK
=040  \\$aUkCU$beng$cUkCU$dUk
=245  10$aPrimera parte del invencible andaluz Juan de Lucena :$bdase cuenta de los valerosos hechos, muertes, y desafios que tuvo : y lo demás que verá el curioso.
=260  \\$aBarcelona :$bPor los herederos de Juan Jolis impresor, en la calle de los Algodoneros,$c[between 1760 and 1778?]
=300  \\$a1 online resource
=336  \\$atext$2rdacontent
=337  \\$acomputer$2rdamedia
=338  \\$aonline resources$2rdacarrier
=500  \\$aText printed in two columns.
=500  \\$aThree separate illustrations at head of title.
=500  \\$aIn verse.
=500  \\$aCaption title.
=500  \\$aImprint from colophon.
=500  \\$aIn two parts. Part two has title: "Segunda parte, De los arrestos valerosos del bizarro andaluz Juan de Lucena, natural de Granada, y lo demás que verá el curioso lector."
=599  \\$aItem no. T4 in volume G.11303.$5Uk
=533  \\$aElectronic Reproduction$bLondon$cBritish Library$d2012$nItem no. T4 in volume G.11303.$5Uk
=650  \0$aBrigands and robbers.
=650  \0$aViolent crimes.
=650  \4$aBandoleros.
=650  \4$aDelitos violentos.
=650  \4$aJuan de Lucena (Fictitious character)
=653  \1$aJuan de Lucena (Personaje ficticio)
=655  \7$aChapbooks$zSpain.$2rbgenr
=662  \\$aSpain$dGranada$2lcsh-naf
=740  02$aDe los arrestos valerosos del bizarro andaluz Juan de Lucena, natural de Granada.
=752  \\$aSpain$dBarcelona.
=856  40$uhttp://cudl.lib.cam.ac.uk/view/PR-G-11303-00004$yCambridge Digital Library
=859  \\$aXLD$bCambridge Digital Library
=CAT  \\$aWR14_159$b00$c20141016$lBLL01$h1656
=CAT  \\$aWR14_181$c20150323$lBLL01$h1403
=CAT  \\$aW1606-1753$c20171028$lBLL01$h1604
=SRC  \\$aBLWrongdoing
=LAS  \\$aW1606-1753$b00$c20171028$lBLL01$h1604

