=LDR  02186 am a2200493 a 4500
=001  016895157
=003  Uk
=005  20140423102502.0
=006  m\\\\||\\d\|\\\\\\
=007  cr\|||||||||||
=008  140423q17601778sp\a\\\\o\\\\\000\0\spa\\
=FMT  \\$a  BK
=040  \\$aUkCU$beng$cUkCU$dUk
=245  00$aNuevo y curioso romance, en que se da cuenta y declara los hechos, arrestos, y valentías de Don Juan de la Tierra, natural de la villa de Illescas :$bdáse cuenta de las reñidas pendencias que tuvo en defensa de su rey : Con todo lo demás que verá el curioso lector : primera parte.
=246  30$aRomance, en que se da cuenta y declara los hechos, arrestos, y valentías de Don Juan de la Tierra
=260  \\$aBarcelona :$bEn la imprenta de los herederos de Juan Jolis, en la calle de los Algodoneros,$c[between 1760 and 1778?]
=300  \\$a1 online resource
=336  \\$atext$2rdacontent
=337  \\$acomputer$2rdamedia
=338  \\$aonline resources$2rdacarrier
=500  \\$aText printed in two columns.
=500  \\$aTwo separate illustrations at head of title.
=500  \\$aIn verse.
=500  \\$aCaption title.
=500  \\$aImprint from colophon.
=500  \\$aIn two parts. Part two has title: Tratase del dichoso fin que tuvieron sus amores.
=599  \\$aItem no. T6 in volume G.11303.$5Uk
=533  \\$aElectronic Reproduction$bLondon$cBritish Library$d2012$nItem no. T6 in volume G.11303.$5Uk
=650  \4$aJuan de la Tierra (Fictitious character)
=650  \4$aSoldados.
=650  \4$aComerciantes.
=653  \1$aJuan de la Tierra (Personaje ficticio)
=655  \7$aChapbooks$zSpain.$2rbgenr
=662  \\$aSpain$dIllescas$2lcsh-naf
=662  \\$aItaly$dNaples$2lcsh-naf
=740  02$aTratase del dichoso fin que tuvieron sus amores.
=752  \\$aSpain$dBarcelona.
=856  40$uhttp://cudl.lib.cam.ac.uk/view/PR-G-11303-00006$yCambridge Digital Library
=859  \\$aXLD$bCambridge Digital Library
=CAT  \\$aWR14_159$b00$c20141016$lBLL01$h1656
=CAT  \\$aWR14_181$c20150323$lBLL01$h1403
=CAT  \\$aW1606-1753$c20171028$lBLL01$h1604
=SRC  \\$aBLWrongdoing
=LAS  \\$aW1606-1753$b00$c20171028$lBLL01$h1604

