=LDR  01898 am a2200505 a 4500
=001  016895158
=003  Uk
=005  20140423103123.0
=006  m\\\\||\\d\|\\\\\\
=007  cr\|||||||||||
=008  140423q17801807sp\a\\\\o\\\\\000\0\spa\d
=FMT  \\$a  BK
=040  \\$aUkCU$beng$cUkCU$dUk
=100  1\$aRodríguez, Pedro,$d1933-
=245  10$aRelacion del Conde Alarcos y de la infanta :$btrata de como mató á su muger para casarse con la infanta /$ccompuesta por Pedro Rodriguez.
=260  \\$aBarcelona :$bPor Juan Serra y Centené, impresor y librero, baxada de la Canonja,$c[between 1780 y 1807?]
=300  \\$a1 online resource
=336  \\$atext$2rdacontent
=337  \\$acomputer$2rdamedia
=338  \\$aonline resources$2rdacarrier
=500  \\$aText printed in two columns.
=500  \\$aIn verse.
=500  \\$aThree separate illustrations below title.
=500  \\$aCaption title.
=500  \\$aImprint from colophon.
=599  \\$aItem no. T7 in volume G.11303.$5Uk
=533  \\$aElectronic Reproduction$bLondon$cBritish Library$d2012$nItem no. T7 in volume G.11303.$5Uk
=650  \0$aJudgment of God.
=650  \0$aChristianity and justice.
=650  \0$aMurder.
=650  \4$aConde Alarcos (Fictitious character)
=650  \4$aAsesinato.
=653  \0$aJusticia divina.
=653  \1$aConde Alarcos (Personaje ficticio)
=655  \7$aChapbooks$zSpain.$2rbgenr
=752  \\$aSpain$dBarcelona.
=856  40$uhttp://cudl.lib.cam.ac.uk/view/PR-G-11303-00007$yCambridge Digital Library
=859  \\$aXLD$bCambridge Digital Library
=CAT  \\$aWR14_159$b00$c20141016$lBLL01$h1656
=CAT  \\$aWR14_181$c20150323$lBLL01$h1403
=CAT  \\$aW1606-1753$c20171028$lBLL01$h1604
=CAT  \\$a7416$b40$c20180816$lBLL01$h1050
=CAT  \\$aBATCH-UPD$b40$c20180816$lBLL01$h1050
=SRC  \\$aBLWrongdoing
=LAS  \\$aBATCH-UPD$b40$c20180816$lBLL01$h1050

