=LDR  02684 am a2200505 a 4500
=001  016895159
=003  Uk
=005  20140423110506.0
=006  m\\\\||\\d\|\\\\\\
=007  cr\|||||||||||
=008  140423q17601778sp\a\\\\o\\\\\000\0\spa\\
=FMT  \\$a  BK
=040  \\$aUkCU$beng$cUkCU$dUk
=245  00$aMarcos Vicente :$bFamoso romance nuevamente impreso en donde se refieren los hechos y valentias de Marcos Vicente, natural de la ciudad de Valencia : dase cuenta de su cautiverio, y como renegó y se casó con la turca del amo que lo cautivó, como fuè veinte años pirata, y como vino al Grao de Valencia y cautivó noche de San Juan dos hijas suyas, sin saber à quien cautivaba, y las llevó en su galera à Constantinopla, como al cabo de tres meses se descubrió que eran sus hijas, y se bolvió à la Santa Fé Catolica : y previniendo su galera de cautivos cristianos con su muger y sus hijas se vino à España, diciendo que salia para Argél : refierese como en el camino dió muerte à su muger y, llegando con felicidad à la ciudad de Valencia, se echó à los pies de los señores del Santo Tribunal y fue perdonado.
=246  30$aFamoso romance nuevamente impreso en donde se refieren los hechos y valentias de Marcos Vicente
=260  \\$aBarcelona :$bEn la Imprenta de los herederos de Juan Jolis, en los Algodoneros,$c[between 1760 and 1778?]
=300  \\$a1 online resource
=336  \\$atext$2rdacontent
=337  \\$acomputer$2rdamedia
=338  \\$aonline resources$2rdacarrier
=500  \\$aText printed in two columns.
=500  \\$aIllustration incorporated within title.
=500  \\$aIn verse.
=500  \\$aCaption title.
=500  \\$aImprint from colophon.
=599  \\$aItem no. T8 in volume G.11303.$5Uk
=533  \\$aElectronic Reproduction$bLondon$cBritish Library$d2012$nItem no. T8 in volume G.11303.$5Uk
=650  \0$aChristianity and other religions$xIslam.
=650  \0$aIslam$xRelations$xChristianity.
=650  \0$aPirates.
=650  \4$aCautivos.
=650  \4$aMarcos Vicente (Fictitious character)
=650  \4$aPiratas.
=653  \1$aMarcos Vicente (Personaje ficticio)
=655  \7$aChapbooks$zSpain.$2rbgenr
=662  \\$aSpain$dValencia$2lcsh-naf
=662  \\$aAlgeria$dAlgiers$2lcsh-naf
=752  \\$aSpain$dBarcelona.
=856  40$uhttp://cudl.lib.cam.ac.uk/view/PR-G-11303-00008$yCambridge Digital Library
=859  \\$aXLD$bCambridge Digital Library
=CAT  \\$aWR14_159$b00$c20141016$lBLL01$h1656
=CAT  \\$aWR14_181$c20150323$lBLL01$h1403
=CAT  \\$aW1606-1753$c20171028$lBLL01$h1604
=SRC  \\$aBLWrongdoing
=LAS  \\$aW1606-1753$b00$c20171028$lBLL01$h1604

