=LDR  01891 am a2200505 a 4500
=001  016895163
=003  Uk
=005  20140519141805.0
=006  m\\\\||\\d\|\\\\\\
=007  cr\|||||||||||
=008  140424q16791705sp\a\\\\o\\\\\000\0\spa\\
=FMT  \\$a  BK
=040  \\$aUkCU$beng$cUkCU$dUk
=245  00$aNuevo romance en que se refieren los portentosos lances que le sucedieron al Capitán Don Carlos, y à su esposa Doña Juana Merino.
=260  \\$aBarcelona :$bPor Juan Jolis impressor, en la calle de los Algodoneros,$c[between 1679 and 1705]
=300  \\$a1 online resource
=336  \\$atext$2rdacontent
=337  \\$acomputer$2rdamedia
=338  \\$aonline resources$2rdacarrier
=500  \\$aText printed in two columns.
=500  \\$aTwo separate illustrations at head of title.
=500  \\$aIn verse.
=500  \\$aCaption title.
=500  \\$aImprint from colophon.
=599  \\$aItem no. T12 in volume G.11303.$5Uk
=533  \\$aElectronic Reproduction$bLondon$cBritish Library$d2012$nItem no. T12 in volume G.11303.$5Uk
=650  \4$aCapitán Don Carlos (Fictitious character)
=650  \4$aJuana Merino (Fictitious character)
=650  \0$aCourtship.
=650  \0$aBrigands and robbers.
=650  \4$aCortejo amoroso.
=650  \4$aBandoleros.
=650  \4$aBodas.
=653  \1$aCapitán Don Carlos (Personaje ficticio)
=653  \1$aJuana Merino (Personaje ficticio)
=655  \7$aChapbooks$zSpain.$2rbgenr
=662  \\$aSpain$dZaragoza$2lcsh-naf
=752  \\$aSpain$dBarcelona.
=856  40$uhttp://cudl.lib.cam.ac.uk/view/PR-G-11303-00012$yCambridge Digital Library
=859  \\$aXLD$bCambridge Digital Library
=CAT  \\$aWR14_159$b00$c20141016$lBLL01$h1656
=CAT  \\$aWR14_181$c20150323$lBLL01$h1403
=CAT  \\$aW1606-1753$c20171028$lBLL01$h1604
=SRC  \\$aBLWrongdoing
=LAS  \\$aW1606-1753$b00$c20171028$lBLL01$h1604

