=LDR  01777 am a2200481 a 4500
=001  016895164
=003  Uk
=005  20140424115359.0
=006  m\\\\||\\d\|\\\\\\
=007  cr\|||||||||||
=008  140424s1826\\\\sp\a\\\\o\\\\\000\0\spa\\
=FMT  \\$a  BK
=040  \\$aUkCU$beng$cUkCU$dUk
=100  0\$aM. A. I.$q(Manuel Andrés Igual)
=245  10$aRomance del robo de la virtuosa Dorotea /$cpor D. M.A. Igual.
=246  17$aHistoria interesante de la virtuosa Dorotea
=260  \\$aCon licencia Barcelona :$bEn la Imprenta de Estivill, calle de la Boria ...,$caño 1826.
=300  \\$a1 online resource
=336  \\$atext$2rdacontent
=337  \\$acomputer$2rdamedia
=338  \\$aonline resources$2rdacarrier
=500  \\$aText printed in two columns.
=500  \\$aIn verse.
=500  \\$aIllustration below title.
=500  \\$aCaption title.
=599  \\$aItem no. T13 in volume G.11303.$5Uk
=533  \\$aElectronic Reproduction$bLondon$cBritish Library$d2012$nItem no. T13 in volume G.11303.$5Uk
=650  \0$aBrigands and robbers.
=650  \4$aBandoleros.
=650  \4$aDiego de Acebedo (Fictitious character)
=650  \4$aDorotea Acebedo (Fictitious character)
=653  \1$aDiego de Acebedo (Personaje ficticio)
=653  \1$aDorotea Acebedo (Personaje ficticio)
=655  \7$aChapbooks$zSpain.$2rbgenr.
=662  \\$aSpain$dToledo$2lcsh-naf
=752  \\$aSpain$dBarcelona.
=856  40$uhttp://cudl.lib.cam.ac.uk/view/PR-G-11303-00013$yCambridge Digital Library
=859  \\$aXLD$bCambridge Digital Library
=CAT  \\$aWR14_159$b00$c20141016$lBLL01$h1656
=CAT  \\$aWR14_181$c20150323$lBLL01$h1403
=CAT  \\$aW1606-1753$c20171028$lBLL01$h1604
=SRC  \\$aBLWrongdoing
=LAS  \\$aW1606-1753$b00$c20171028$lBLL01$h1604

