=LDR  01896 am a2200445 a 4500
=001  016895166
=003  Uk
=005  20140424120511.0
=006  m\\\\||\\d\|\\\\\\
=007  cr\|||||||||||
=008  140424q17601778sp\a\\\\o\\\\\000\0\spa\\
=FMT  \\$a  BK
=040  \\$aUkCU$beng$cUkCU$dUk
=245  00$aNoticias ciertas en que se contiene el descubrimiento de una isla la mas rica y abundante de todo quanto ay en el mundo :$bdescubierta por el afortunado capitán llamado Longares de Sentlom y de Gorgas /$ccompuesto por un soldado que iva en el navio que la descubrió, como testigo de vista de todo lo que aqui se refiere.
=260  \\$aBarcelona :$bPor los herederos de Juan Jolis impressor, en la calle de los Algodoneros,$c[between 1760 and 1778]
=300  \\$a1 online resource
=336  \\$atext$2rdacontent
=337  \\$acomputer$2rdamedia
=338  \\$aonline resources$2rdacarrier
=500  \\$aText printed in two columns.
=500  \\$aIn verse.
=500  \\$aIllustration at head of title.
=500  \\$aCaption title.
=500  \\$aImprint from colophon.
=599  \\$aItem no. T15 in volume G.11303.$5Uk
=533  \\$aElectronic Reproduction$bLondon$cBritish Library$d2012$nItem no. T15 in volume G.11303.$5Uk
=650  \4$aLongares de Sentlom y de Gorgas (Fictitious character)
=650  \0$aVoyages and travels.
=650  \4$aViajes.
=650  \4$aIslas.
=653  \1$aLongares de Sentlom y de Gorgas (Personaje ficticio)
=655  \7$aChapbooks$zSpain.$2rbgenr
=752  \\$aSpain$dBarcelona.
=856  40$uhttp://cudl.lib.cam.ac.uk/view/PR-G-11303-00015$yCambridge Digital Library
=859  \\$aXLD$bCambridge Digital Library
=CAT  \\$aWR14_159$b00$c20141016$lBLL01$h1656
=CAT  \\$aWR14_181$c20150323$lBLL01$h1403
=CAT  \\$aW1606-1753$c20171028$lBLL01$h1604
=SRC  \\$aBLWrongdoing
=LAS  \\$aW1606-1753$b00$c20171028$lBLL01$h1604

