=LDR  02795 am a2200541 a 4500
=001  016895167
=003  Uk
=005  20140424121146.0
=006  m\\\\||\\d\|\\\\\\
=007  cr\|||||||||||
=008  140424s1833\\\\sp\a\\\\o\\\\\000\0\spa\\
=FMT  \\$a  BK
=040  \\$aUkCU$beng$cUkCU$dUk
=245  00$aPrimera parte, en que se refiere y da cuenta de la mayor maldad y torpe atrevimiento que ha executado Lorenzo de Texado el qual inducido del demonio, dió muerte à su muger, y quatro hijos que tenia, cortandoles las cabezas para darselas al demonio :$by como habló la cabeza de su muger quatro veces dividida del cuerpo, y el dichoso fin que él tubo, como verá el curioso letor.
=246  30$aEn que se refiere y da cuenta de la mayor maldad y torpe atrevimiento que ha executado Lorenzo de Texado
=260  \\$aBarcelona :$bEn la Imprenta de los herederos de la Viuda Pla, calle de Cotoners,$caño 1833.
=300  \\$a1 online resource
=336  \\$atext$2rdacontent
=337  \\$acomputer$2rdamedia
=338  \\$aonline resources$2rdacarrier
=500  \\$aText printed in two columns.
=500  \\$aThree separate illustrations at head of title; second part with two additional illustrations at head of title.
=500  \\$aIn verse.
=500  \\$aCaption title.
=500  \\$aImprint from colophon.
=599  \\$aItem no. T16 in volume G.11303.$5Uk
=500  \\$aIn two parts. Part two has title: Segunda parte en que se prosigue la tragica historia de la maldad, y cruelisimo atrevimiento con que Lorenzo de Texado executó las muertes de su muger, é hijos, y como alcanzó el perdon de Dios y de la Justicia por intercesion de Maria Santisima, como mas largamente lo verá el curioso.
=533  \\$aElectronic Reproduction$bLondon$cBritish Library$d2012$nItem no. T16 in volume G.11303.$5Uk
=650  \0$aLorenzo de Texado (Fictitious character)
=650  \0$aAtrocities.
=650  \0$aMurder.
=650  \0$aJudgment of God.
=650  \0$aChristianity and justice.
=650  \4$aAsesinato.
=650  \4$aAtrocidades.
=650  \4$aDemonio.
=653  \1$aLorenzo de Texado (Personaje ficticio)
=653  \0$aJusticia divina.
=655  \7$aChapbooks$zSpain.$2rbgenr
=740  02$aSegunda parte en que se prosigue la tragica historia de la maldad, y cruelisimo atrevimiento con que Lorenzo de Texado executó las muertes de su muger, é hijos
=752  \\$aSpain$dBarcelona.
=856  40$uhttp://cudl.lib.cam.ac.uk/view/PR-G-11303-00016$yCambridge Digital Library
=859  \\$aXLD$bCambridge Digital Library
=CAT  \\$aWR14_159$b00$c20141016$lBLL01$h1656
=CAT  \\$aWR14_181$c20150323$lBLL01$h1403
=CAT  \\$aW1606-1753$c20171028$lBLL01$h1604
=SRC  \\$aBLWrongdoing
=LAS  \\$aW1606-1753$b00$c20171028$lBLL01$h1604

