=LDR  02455 am a2200493 a 4500
=001  016895170
=003  Uk
=005  20140602102202.0
=006  m\\\\||\\d\|\\\\\\
=007  cr\|||||||||||
=008  140424q18161852sp\a\\\\o\\\\\000\0\spa\\
=FMT  \\$a  BK
=040  \\$aUkCU$beng$cUkCU$dUk
=245  00$aCuriosa y nueva relacion, en que se refiere la historia de los bandidos que habitaron en los montes de Toledo, egecutando en ellos notables atrocidades :$bcon lo demàs que verá el curioso lector : primera parte.
=260  \\$aBarcelona :$bImprenta de Ignacio Estivill, calle de la Boria,$c[between 1816 and 1852]
=300  \\$a1 online resource
=336  \\$atext$2rdacontent
=337  \\$acomputer$2rdamedia
=338  \\$aonline resources$2rdacarrier
=500  \\$aText printed in two columns.
=500  \\$aTwo separate illustrations at head of title; second part with two additional illustrations at head of title.
=500  \\$aIn verse.
=500  \\$aCaption title.
=500  \\$aImprint from colophon.
=500  \\$aIn two parts. Part two has title: "Segunda parte: Curiosa y nueva relacion en que se refiere la historia de los bandidos que habitaron en los montes de Toledo, egecutando en ellos notables atrocidades, con todo lo demàs que verá el curioso lector."
=599  \\$aPt. 1 is item no. T19 in volume G.11303; pt. 2 is item no. T20 in volume G.11303.$5Uk
=533  \\$aElectronic Reproduction$bLondon$cBritish Library$d2012$nPt. 1 is item no. T19 in volume G.11303; pt. 2 is item no. T20 in volume G.11303.$5Uk
=650  \0$aBrigands and robbers$zSpain$zToledo.
=650  \0$aViolent crimes.
=650  \4$aBandoleros$zEspaña$zToledo.
=650  \4$aDelitos violentos.
=655  \7$aChapbooks$zSpain.$2rbgenr
=662  \\$aSpain$dToledo$2lcsh-naf
=700  1\$aEstivill, Ignacio,$dactive 1816-1852$cactive 1816-1852,$eprinter.$5Uk
=740  02$aCuriosa y nueva relacion en que se refiere la historia de los bandidos que habitaron en los montes de Toledo.
=752  \\$aSpain$dBarcelona.
=856  40$uhttp://cudl.lib.cam.ac.uk/view/PR-G-11303-00019$yCambridge Digital Library
=859  \\$aXLD$bCambridge Digital Library
=CAT  \\$aWR14_159$b00$c20141016$lBLL01$h1656
=CAT  \\$aBATCH-UPD$b00$c20141016$lBLL01$h1713
=CAT  \\$aWR14_181$c20150323$lBLL01$h1403
=CAT  \\$aW1606-1753$c20171028$lBLL01$h1604
=SRC  \\$aBLWrongdoing
=LAS  \\$aW1606-1753$b00$c20171028$lBLL01$h1604

