=LDR  02009 am a2200493 a 4500
=001  016895171
=003  Uk
=005  20140424123848.0
=006  m\\\\||\\d\|\\\\\\
=007  cr\|||||||||||
=008  140424q17601788sp\a\\\\o\\\\\000\0\spa\d
=FMT  \\$a  BK
=040  \\$aUkCU$beng$cUkCU$dUk
=245  00$aNuevo romance en que se declara una prision que ha hecho la Santa Inquisicion en esta corte de Madrid de tres hombres y dos mugeres, por haber dado muerte á veinte y seis hombres y un niño, habiéndoles hallado los unos en sal y los otros consumidos :$by como se descubrió por un caballero maltés : primera parte.
=246  30$aRomance en que se declara una prision que ha hecho la Santa Inquisicion en la córte de Madrid
=260  \\$aBarcelona :$bPor los herederos de Juan Jolis, en los Algodoneros,$c[between 1760 and 1778?]
=300  \\$a1 online resource
=336  \\$atext$2rdacontent
=337  \\$acomputer$2rdamedia
=338  \\$aonline resources$2rdacarrier
=500  \\$aText printed in two columns.
=500  \\$aIn verse.
=500  \\$aThree separate illustrations at head of title.
=500  \\$aCaption title.
=500  \\$aImprint from colophon.
=500  \\$aIn two parts.
=599  \\$aItem no. T21 in volume G.11303.$5Uk
=533  \\$aElectronic Reproduction$bLondon$cBritish Library$d2012$nItem no. T21 in volume G.11303.$5Uk
=650  \0$aMurder.
=650  \0$aInquisition.
=650  \0$aHeresy.
=650  \4$aAsesinato.
=650  \4$aInquisición.
=650  \4$aHerejía.
=655  \7$aChapbooks$zSpain.$2rbgenr
=662  \\$aSpain$dMadrid$2lcsh-naf
=752  \\$aSpain$dBarcelona.
=856  40$uhttp://cudl.lib.cam.ac.uk/view/PR-G-11303-00021$yCambridge Digital Library
=859  \\$aXLD$bCambridge Digital Library
=CAT  \\$aWR14_159$b00$c20141016$lBLL01$h1656
=CAT  \\$aWR14_181$c20150323$lBLL01$h1403
=CAT  \\$aW1606-1753$c20171028$lBLL01$h1604
=SRC  \\$aBLWrongdoing
=LAS  \\$aW1606-1753$b00$c20171028$lBLL01$h1604

