=LDR  01941 am a2200481 a 4500
=001  016895172
=003  Uk
=005  20140424124255.0
=006  m\\\\||\\d\|\\\\\\
=007  cr\|||||||||||
=008  140424q17801807sp\a\\\\o\\\\\000\0\spa\\
=FMT  \\$a  BK
=040  \\$aUkCU$beng$cUkCU$dUk
=245  03$aEl maltes en Madrid :$bprimera parte en la que se da cuenta y declara una prision que hizo la Santa Inquisicion en la corte de Madrid de tres hombres y dos mugeres, que habian dado muerte á muchas personas, de las cuales algunas se hallaron en sal, y otras consumidas : y como se descubrió por un caballero maltés, con quien querian egecutar lo mismo : con todo lo demás que verá el curioso lector.
=260  \\$aBarcelona :$bPor Juan Serra y Sentenè,$c[between 1780 y 1807?]
=300  \\$a1 online resource
=336  \\$atext$2rdacontent
=337  \\$acomputer$2rdamedia
=338  \\$aonline resources$2rdacarrier
=500  \\$aText printed in two columns.
=500  \\$aIn verse.
=500  \\$aIllustration at head of title.
=500  \\$aCaption title.
=500  \\$aImprint from colophon.
=500  \\$aIn two parts.
=599  \\$aItem no. T22 in volume G.11303.$5Uk
=533  \\$aElectronic Reproduction$bLondon$cBritish Library$d2012$nItem no. T22 in volume G.11303.$5Uk
=650  \0$aMurder.
=650  \0$aInquisition.
=650  \0$aHeresy.
=650  \4$aAsesinato.
=650  \4$aInquisición.
=650  \4$aHerejía.
=655  \7$aChapbooks$zSpain.$2rbgenr.
=662  \\$aSpain$dMadrid$2lcsh-naf
=752  \\$aSpain$dBarcelona.
=856  40$uhttp://cudl.lib.cam.ac.uk/view/PR-G-11303-00022$yCambridge Digital Library
=859  \\$aXLD$bCambridge Digital Library
=CAT  \\$aWR14_159$b00$c20141016$lBLL01$h1656
=CAT  \\$aWR14_181$c20150323$lBLL01$h1403
=CAT  \\$aW1606-1753$c20171028$lBLL01$h1604
=SRC  \\$aBLWrongdoing
=LAS  \\$aW1606-1753$b00$c20171028$lBLL01$h1604

