=LDR  01873 am a2200445 a 4500
=001  016895173
=003  Uk
=005  20140424150007.0
=006  m\\\\||\\d\|\\\\\\
=007  cr\|||||||||||
=008  140424q17601788sp\a\\\\o\\\\\000\0\spa\\
=FMT  \\$a  BK
=040  \\$aUkCU$beng$cUkCU$dUk
=245  00$aCaso sucedido con un soldado voluntario del regimiento de infantería de cazadores de la Corona :$bel qual fue sentenciado á muerte de horca por el Consejo de Guerra en la ilustre ciudad de Valladolid, y executada la sentencia, llevándolo à enterrar, dió señas de vivo, y se le aplicaron varios remedios : con lo demás que verá el curioso.
=260  \\$aBarcelona :$bEn la imprenta de los herederos de Juan Jolís, en la calle de los Algodoneros,$c[between 1760 and 1778?]
=300  \\$a1 online resource
=336  \\$atext$2rdacontent
=337  \\$acomputer$2rdamedia
=338  \\$aonline resources$2rdacarrier
=500  \\$aText printed in two columns.
=500  \\$aIllustration at head of title.
=500  \\$aIn verse.
=500  \\$aCaption title.
=500  \\$aImprint from colophon.
=599  \\$aItem no. T23 in volume G.11303.$5Uk
=533  \\$aElectronic Reproduction$bLondon$cBritish Library$d2012$nItem no. T23 in volume G.11303.$5Uk
=650  \0$aSoldiers.
=650  \0$aCapital punishment.
=650  \4$aSoldados.
=650  \4$aPena de muerte.
=655  \7$aChapbooks$zSpain.$2rbgenr
=662  \\$aSpain$dValladolid$2lcsh-naf
=752  \\$aSpain$dBarcelona.
=856  40$uhttp://cudl.lib.cam.ac.uk/view/PR-G-11303-00023$yCambridge Digital Library
=859  \\$aXLD$bCambridge Digital Library
=CAT  \\$aWR14_159$b00$c20141016$lBLL01$h1656
=CAT  \\$aWR14_181$c20150323$lBLL01$h1403
=CAT  \\$aW1606-1753$c20171028$lBLL01$h1604
=SRC  \\$aBLWrongdoing
=LAS  \\$aW1606-1753$b00$c20171028$lBLL01$h1604

