=LDR  02405 am a2200601 a 4500
=001  016895175
=003  Uk
=005  20140424153849.0
=006  m\\\\||\\d\|\\\\\\
=007  cr\|||||||||||
=008  140424q17601778sp\a\\\\o\\\\\000\0\spa\\
=FMT  \\$a  BK
=040  \\$aUkCU$beng$cUkCU$dUk
=245  00$aCurioso romance donde se da cuenta de la horrible pendencia que pelearon cuatro valerosos soldados en la ciudad de Barcelona por el agravio hecho á una dama :$bel uno se llamava Alfonso Tellez, el otro Diego Contreras, el otro Cayetano, y el otro Pedro Cádenas.
=260  \\$aBarcelona :$bEn la imprenta de los Herederos de Juan Jolis, en la calle de los Algodoneros,$c[between 1760 and 1778?]
=300  \\$a1 online resource
=336  \\$atext$2rdacontent
=337  \\$acomputer$2rdamedia
=338  \\$aonline resources$2rdacarrier
=500  \\$aText printed in two columns.
=500  \\$aIn verse.
=500  \\$aIllustration at head of title.
=500  \\$aCaption title.
=500  \\$aImprint from colophon.
=599  \\$aItem no. T25 in volume G.11303.$5Uk
=533  \\$aElectronic Reproduction$bLondon$cBritish Library$d2012$nItem no. T25 in volume G.11303.$5Uk
=650  \0$aWomen$xViolence against.
=650  \0$aRevenge.
=650  \0$aViolent crimes.
=650  \0$aCrimes of passion.
=650  \4$aDiego de Contreras (Fictitious character)
=650  \4$aPedro Cadenas (Fictitious character)
=650  \4$aAlfonso Tellez (Fictitious character)
=650  \4$aCayetano García (Fictitious character)
=650  \4$aMujeres$xViolencia contra las.
=650  \4$aVenganza.
=650  \4$aDelitos violentos.
=650  \4$aCrímenes de pasión.
=650  \4$aSoldados.
=653  \1$aDiego de Contreras (Personaje ficticio)
=653  \1$aPedro Cadenas (Personaje ficticio)
=653  \1$aAlfonso Tellez (Personaje ficticio)
=653  \1$aCayetano García (Personaje ficticio)
=655  \7$aChapbooks$zSpain.$2rbgenr.
=662  \\$aSpain$dBarcelona$2lcsh-naf
=752  \\$aSpain$dBarcelona.
=856  40$uhttp://cudl.lib.cam.ac.uk/view/PR-G-11303-00025$yCambridge Digital Library
=859  \\$aXLD$bCambridge Digital Library
=CAT  \\$aWR14_159$b00$c20141016$lBLL01$h1656
=CAT  \\$aWR14_181$c20150323$lBLL01$h1403
=CAT  \\$aW1606-1753$c20171028$lBLL01$h1604
=SRC  \\$aBLWrongdoing
=LAS  \\$aW1606-1753$b00$c20171028$lBLL01$h1604

