=LDR  02282 am a2200517 a 4500
=001  016895177
=003  Uk
=005  20140424154723.0
=006  m\\\\||\\d\|\\\\\\
=007  cr\|||||||||||
=008  140424q17601778sp\a\\\\o\\\\\000\0\spa\\
=FMT  \\$a  BK
=040  \\$aUkCU$beng$cUkCU$dUk
=100  1\$aMontero, Antonio,$dactive 19th century.
=245  10$aNueva relacion y curioso romance, en que se refiere un raro sucesso y notable tragedia, que en la ciudad de Antequera sucedió con dos mancebos muy amigos, el uno llamado Diego de Frias, y el otro Antonio Montero, el qual era casado con una hermosa dama :$by como Diego de Frias, habiéndose enamorado de ella, la saco de su casa, y la llevó à Sevilla : y como despues Antonio Montero los mató à entrambos /$cde Antonio Montero.
=260  \\$aBarcelona :$bEn la Imprenta de los Herederos de Juan Jolis, en la calle de los Algodoneros,$c[between 1760 and 1778?]
=300  \\$a1 online resource
=336  \\$atext$2rdacontent
=337  \\$acomputer$2rdamedia
=338  \\$aonline resources$2rdacarrier
=500  \\$aText printed in two columns.
=500  \\$aThree separate illustrations at head of title.
=500  \\$aIn verse.
=500  \\$aCaption title.
=500  \\$aImprint from colophon.
=599  \\$aItem no. T27 in volume G.11303.$5Uk
=533  \\$aElectronic Reproduction$bLondon$cBritish Library$d2012$nItem no. T27 in volume G.11303.$5Uk
=600  10$aMontero, Antonio,$dactive 19th century.
=600  14$aMontero, Antonio,$dsiglo 19.
=650  \4$aDiego de Frias (Fictitious character)
=650  \0$aAdultery.
=650  \0$aCrimes of passion.
=650  \4$aAdulterio.
=650  \4$aCrímenes de pasión.
=653  \1$aDiego de Frias (Personaje ficticio)
=655  \7$aChapbooks$zSpain.$2rbgenr
=662  \\$aSpain$dAntequera$2lcsh-naf
=662  \\$aSpain$dSeville$2lcsh-naf
=752  \\$aSpain$dBarcelona.
=856  40$uhttp://cudl.lib.cam.ac.uk/view/PR-G-11303-00027$yCambridge Digital Library
=859  \\$aXLD$bCambridge Digital Library
=CAT  \\$aWR14_159$b00$c20141016$lBLL01$h1656
=CAT  \\$aWR14_181$c20150323$lBLL01$h1403
=CAT  \\$aW1606-1753$c20171028$lBLL01$h1604
=SRC  \\$aBLWrongdoing
=LAS  \\$aW1606-1753$b00$c20171028$lBLL01$h1604

