=LDR  02200 am a2200493 a 4500
=001  016895179
=003  Uk
=005  20140424163911.0
=006  m\\\\||\\d\|\\\\\\
=007  cr\|||||||||||
=008  140424q17601778sp\a\\\\o\\\\\000\0\spa\\
=FMT  \\$a  BK
=040  \\$aUkCU$beng$cUkCU$dUk
=245  03$aEl cautivo de Gerona :$bNueva relacion y copia de una carta que escrivió un hijo à su padre, en que le dió à entender los tormentos que padecia en su cautiverio en la ciudad de Argél : como lo verá el curioso lector.
=246  30$aNueva relacion y copia de una carta que escrivió un hijo à su padre
=260  \\$aBarcelona :$bEn la Imprenta de los Herederos de Juan Jolis, en los Algodoneros,$c[between 1760 and 1778?]
=300  \\$a1 online resource
=336  \\$atext$2rdacontent
=337  \\$acomputer$2rdamedia
=338  \\$aonline resources$2rdacarrier
=500  \\$aText printed in two columns.
=500  \\$aThree separate illustrations at head of title.
=500  \\$aIn verse.
=500  \\$aCaption title.
=500  \\$aImprint from colophon.
=500  \\$aIn two parts. Part two has title: "Respuesta que embió el padre a su hijo, consolandolo en sus trabajos, y de la forma con que fué rescatado."
=500  \\$a"A la fin va añadido un romance á una negra señora, en alabanza á un negro."
=599  \\$aItem no. T30 in volume G.11303.$5Uk
=533  \\$aElectronic Reproduction$bLondon$cBritish Library$d2012$nItem no. T30 in volume G.11303.$5Uk
=650  \0$aFathers and sons.
=650  \4$aPadres e hijos.
=650  \4$aCautivos.
=655  \7$aChapbooks$zSpain.$2rbgenr
=662  \\$aSpain$dGerona$2lcsh-naf
=662  \\$aAlgeria$dAlgiers$2lcsh-naf
=740  02$aRespuesta que envió el padre a su hijo, consolandolo en sus trabajos.
=752  \\$aSpain$dBarcelona.
=856  40$uhttp://cudl.lib.cam.ac.uk/view/PR-G-11303-00030$yCambridge Digital Library
=859  \\$aXLD$bCambridge Digital Library
=CAT  \\$aWR14_159$b00$c20141016$lBLL01$h1656
=CAT  \\$aWR14_181$c20150323$lBLL01$h1403
=CAT  \\$aW1606-1753$c20171028$lBLL01$h1604
=SRC  \\$aBLWrongdoing
=LAS  \\$aW1606-1753$b00$c20171028$lBLL01$h1604

