=LDR  02443 am a2200589 a 4500
=001  016895181
=003  Uk
=005  20140424165245.0
=006  m\\\\||\\d\|\\\\\\
=007  cr\|||||||||||
=008  140424q17601778sp\a\\\\o\\\\\000\0\spa\\
=FMT  \\$a  BK
=040  \\$aUkCU$beng$cUkCU$dUk
=245  00$aNuevo y curioso romance, en que se declara lo que les sucedió à dos finos amantes llamados don Jacinto del Castillo, y doña Leonor de la Rosa :$blos quales se embarcaron para Venecia y en la mitad del mar fueron apressados por unos cosarios argelinos, que dieron con ellos en la ciudad de Argel, donde fueron quemados por la fé de Jesu-Christo.
=260  \\$aBarcelona :$bPor los herederos de Juan Jolis, à los Algodoneros,$c[between 1760 and 1778?]
=300  \\$a1 online resource
=336  \\$atext$2rdacontent
=337  \\$acomputer$2rdamedia
=338  \\$aonline resources$2rdacarrier
=500  \\$aText printed in two columns.
=500  \\$aThree separate illustrations at head of title.
=500  \\$aIn verse.
=500  \\$aCaption title.
=500  \\$aImprint from colophon.
=500  \\$aIn two parts.
=599  \\$aItem no. T32 in volume G.11303.$5Uk
=533  \\$aElectronic Reproduction$bLondon$cBritish Library$d2012$nItem no. T32 in volume G.11303.$5Uk
=600  00$aJesus Christ$xDevotion to.
=600  04$aJesucristo$xDevoción a.
=650  \0$aArranged marriage.
=650  \0$aCrimes of passion.
=650  \0$aParricide.
=650  \4$aMatrimonio arreglado.
=650  \4$aCrímenes de pasión.
=650  \4$aPatricidio.
=650  \4$aLeonor de la Rosa (Fictitious character)
=650  \4$aJacinto del Castillo (Fictitious character)
=650  \4$aFernando de Contreras (Fictitious character)
=653  \1$aLeonor de la Rosa (Personaje ficticio)
=653  \1$aJacinto del Castillo (Personaje ficticio)
=653  \1$aFernando de Contreras (Personaje ficticio)
=655  \7$aChapbooks$zSpain.$2rbgenr
=662  \\$aSpain$dLa Coruña$2lcsh-naf
=662  \\$aAlgeria$2lcsh-naf
=752  \\$aSpain$dBarcelona.
=856  40$uhttp://cudl.lib.cam.ac.uk/view/PR-G-11303-00032$yCambridge Digital Library
=859  \\$aXLD$bCambridge Digital Library
=CAT  \\$aWR14_159$b00$c20141016$lBLL01$h1656
=CAT  \\$aWR14_181$c20150323$lBLL01$h1403
=CAT  \\$aW1606-1753$c20171028$lBLL01$h1604
=SRC  \\$aBLWrongdoing
=LAS  \\$aW1606-1753$b00$c20171028$lBLL01$h1604

