=LDR  02073 am a2200457 a 4500
=001  016895184
=003  Uk
=005  20140424170327.0
=006  m\\\\||\\d\|\\\\\\
=007  cr\|||||||||||
=008  140424q17991850sp\a\\\\o\\\\\000\0\spa\\
=FMT  \\$a  BK
=040  \\$aUkCU$beng$cUkCU$dUk
=245  00$aNueva relacion y curioso romance que refiere los engaños de un principal cavallero, natural de la ciudad de Malaga, con una principal doncella, llamada Doña Elena :$bdase cuenta como la sacó de casa de sus padres, y como la dexó burlada en un desierto y le dió cinco puñaladas, dexandola por muerta, con todo lo demás que verá el curioso letor : primera parte.
=260  \\$a[S.l. :$bs.n.,$cbetween 1799 and 1850?]
=300  \\$a1 online resource
=336  \\$atext$2rdacontent
=337  \\$acomputer$2rdamedia
=338  \\$aonline resources$2rdacarrier
=500  \\$aText printed in two columns.
=500  \\$aIllustration at head of title.
=500  \\$aIn verse.
=500  \\$aCaption title.
=500  \\$aIn two parts. Part two has title: Segunda parte, en que se refiere como Doña Elena tomó venganza de su amante don Francisco, como lo verá el curioso letor.
=599  \\$aItem no. T35 in volume G.11303.$5Uk
=533  \\$aElectronic Reproduction$bLondon$cBritish Library$d2012$nItem no. T35 in volume G.11303.$5Uk
=650  \0$aWomen$xCrimes against.
=650  \0$aDeception.
=650  \4$aMujeres$xDelitos contra las.
=650  \4$aEngaño.
=650  \4$aConventos.
=655  \7$aChapbooks$zSpain.$2rbgenr
=662  \\$aSpain$dMálaga$2lcsh-naf
=740  02$aSegunda parte, en que se refiere como Doña Elena tomó venganza de su amante don Francisco.
=856  40$uhttp://cudl.lib.cam.ac.uk/view/PR-G-11303-00035$yCambridge Digital Library
=859  \\$aXLD$bCambridge Digital Library
=CAT  \\$aWR14_159$b00$c20141016$lBLL01$h1656
=CAT  \\$aWR14_181$c20150323$lBLL01$h1403
=CAT  \\$aW1606-1753$c20171028$lBLL01$h1604
=SRC  \\$aBLWrongdoing
=LAS  \\$aW1606-1753$b00$c20171028$lBLL01$h1604

