=LDR  02822 am a2200577 a 4500
=001  016895186
=003  Uk
=005  20140602101135.0
=006  m\\\\||\\d\|\\\\\\
=007  cr\|||||||||||
=008  140424q18161852sp\a\\\\o\\\\\000\0\spa\\
=FMT  \\$a  BK
=040  \\$aUkCU$beng$cUkCU$dUk
=245  00$aPrimera parte de los amorosos lances y particulares sucesos que acaecieron á una hermosa dama llamada Rosaura, y á su amante Don Antonio Narvaez, natural de Cordova :$bDáse cuenta del modo con que descubrió á la dama en Sierra Morena, que la guardaba un osso [sic], y como dicho caballero lo mató : con todo lo demás que verá el curioso lector : De Rosaura de Cordova.
=246  30$aDe los amorosos lances y particulares sucesos que acaecieron á una hermosa dama llamada Rosaura, y á su amante Don Antonio Narvaez
=246  30$aDe Rosaura de Cordova
=260  \\$aBarcelona :$bImprenta de Ignacio Estivill, calle de la Boria,$c[between 1816 and 1852]
=300  \\$a1 online resource
=336  \\$atext$2rdacontent
=337  \\$acomputer$2rdamedia
=338  \\$aonline resources$2rdacarrier
=500  \\$aText printed in two columns.
=500  \\$aIn verse.
=500  \\$aThree separate illustrations at head of title.
=500  \\$aCaption title.
=500  \\$aImprint from colophon.
=500  \\$aIn two parts. Part two has title: Segunda parte en que se prosiguen los sucesos de Rosaura y Don Antonio Narvaez : dàse cuenta de varios lances y como se la traxo á Cordova, donde se desposaron, y lo demás que verá el curioso letor."
=599  \\$aItem no. T38 in volume G.11303.$5Uk
=533  \\$aElectronic Reproduction$bLondon$cBritish Library$d2012$nItem no. T38 in volume G.11303.$5Uk
=650  \4$aRosaura (Fictitious character)
=650  \4$aAntonio Narváez (Fictitious character)
=650  \4$aOsos.
=653  \0$aDesacuerdo familiar.
=653  \0$aInfamia.
=653  \1$aRosaura (Personaje ficticio)
=653  \1$aAntonio Narváez (Personaje ficticio)
=655  \7$aChapbooks$zSpain.$2rbgenr
=662  \\$aSpain$gSierra Morena$2lcsh-naf
=662  \\$aSpain$dMadrid$2lcsh-naf
=662  \\$aSpain$dCórdoba$2lcsh-naf
=740  02$aSegunda parte en que se prosiguen los sucesos de Rosaura y Don Antonio Narvaez.
=700  1\$aEstivill, Ignacio,$dactive 1816-1852$cactive 1816-1852,$eprinter.$5Uk
=752  \\$aSpain$dBarcelona.
=856  40$uhttp://cudl.lib.cam.ac.uk/view/PR-G-11303-00038$yCambridge Digital Library
=859  \\$aXLD$bCambridge Digital Library
=CAT  \\$aWR14_159$b00$c20141016$lBLL01$h1656
=CAT  \\$aBATCH-UPD$b00$c20141016$lBLL01$h1713
=CAT  \\$aWR14_181$c20150323$lBLL01$h1403
=CAT  \\$aW1606-1753$c20171028$lBLL01$h1604
=SRC  \\$aBLWrongdoing
=LAS  \\$aW1606-1753$b00$c20171028$lBLL01$h1604

