=LDR  01680 am a2200421 a 4500
=001  016895187
=003  Uk
=005  20140424172218.0
=006  m\\\\||\\d\|\\\\\\
=007  cr\|||||||||||
=008  140424q16791705sp\a\\\\o\\\\\000\0\spa\\
=FMT  \\$a  BK
=040  \\$aUkCU$beng$cUkCU$dUk
=245  00$aRomance nuevo y curioso en que se da cuenta y declara los afectos de un amante para pintar la hermosura de su dama :$bcompuesto por un mancebo herido de las flechas de Cupido, como lo verá el curioso letor.
=260  \\$aBarcelona :$bEn la imprenta de Juan Jolis impressor, en la calle de los Algodoneros,$c[between 1679 and 1705]
=300  \\$a1 online resource
=336  \\$atext$2rdacontent
=337  \\$acomputer$2rdamedia
=338  \\$aonline resources$2rdacarrier
=500  \\$aThree separate illustrations at head of title.
=500  \\$aText printed in two columns.
=500  \\$aIn verse.
=500  \\$aCaption title.
=500  \\$aImprint from colophon.
=500  \\$aWoodcut ornament (device?) at end.
=599  \\$aItem no. T39 in volume G.11303.$5Uk
=533  \\$aElectronic Reproduction$bLondon$cBritish Library$d2012$nItem no. T39 in volume G.11303.$5Uk
=650  \0$aCourtship.
=650  \4$aCortejo amoroso.
=655  \7$aChapbooks$zSpain.$2rbgenr
=752  \\$aSpain$dBarcelona.
=856  40$uhttp://cudl.lib.cam.ac.uk/view/PR-G-11303-00039$yCambridge Digital Library
=859  \\$aXLD$bCambridge Digital Library
=CAT  \\$aWR14_159$b00$c20141016$lBLL01$h1656
=CAT  \\$aWR14_181$c20150323$lBLL01$h1403
=CAT  \\$aW1606-1753$c20171028$lBLL01$h1604
=SRC  \\$aBLWrongdoing
=LAS  \\$aW1606-1753$b00$c20171028$lBLL01$h1604

