=LDR  01635 am a2200433 a 4500
=001  016895191
=003  Uk
=005  20140501155419.0
=006  m\\\\||\\d\|\\\\\\
=007  cr\|||||||||||
=008  140501q17601778sp\a\\\\o\\\\\000\0\spa\\
=FMT  \\$a  BK
=040  \\$aUkCU$beng$cUkCU$dUk
=245  00$aRomance nuevo y curioso en que se refieren y declaran las quexas y lamentos de un amante que se vé despreciado de su dama :$bexplicandole las virtudes del agua.
=260  \\$aBarcelona :$bEn la Imprenta de los Herederos de Juan Jolis, en la calle de los Algodoneros,$c[between 1760 and 1778?]
=300  \\$a1 online resource
=336  \\$atext$2rdacontent
=337  \\$acomputer$2rdamedia
=338  \\$aonline resources$2rdacarrier
=500  \\$aText printed in two columns.
=500  \\$aThree separate illustrations at head of title.
=500  \\$aIn verse.
=500  \\$aCaption title.
=500  \\$aImprint from colophon.
=599  \\$aItem no. T45 in volume G.11303.$5Uk
=533  \\$aElectronic Reproduction$bLondon$cBritish Library$d2012$nItem no. T45 in volume G.11303.$5Uk
=650  \0$aWater.
=650  \0$aCourtship.
=650  \4$aAgua
=650  \4$aCortejo amoroso.
=655  \7$aChapbooks$zSpain.$2rbgenr
=752  \\$aSpain$dBarcelona.
=856  40$uhttp://cudl.lib.cam.ac.uk/view/PR-G-11303-00045$yCambridge Digital Library
=859  \\$aXLD$bCambridge Digital Library
=CAT  \\$aWR14_159$b00$c20141016$lBLL01$h1656
=CAT  \\$aWR14_181$c20150323$lBLL01$h1403
=CAT  \\$aW1606-1753$c20171028$lBLL01$h1604
=SRC  \\$aBLWrongdoing
=LAS  \\$aW1606-1753$b00$c20171028$lBLL01$h1604

