=LDR  01843 am a2200445 a 4500
=001  016895194
=003  Uk
=005  20140501170530.0
=006  m\\\\||\\d\|\\\\\\
=007  cr\|||||||||||
=008  140501s1815\\\\sp\a\\\\o\\\\\000\0\spa\\
=FMT  \\$a  BK
=040  \\$aUkCU$beng$cUkCU$dUk
=245  00$aCanciones nuevas :$bEl modo que tienen de engañar á los hombres la currutacas en las ferias, en el Prado y plazuela de Santa Ana : las marquesas de los tejares, las que venden en la plaza, prodigios de la partida de la manta, y explicacion del corage y valentía del perro del potagero en la plaza de los toros el lunes por la tarde 18 de setiembre 1815.
=260  \\$aValencia :$bEn la Imprenta y librería de Manuel Lopez,$caño 1815.
=300  \\$a1 online resource
=336  \\$atext$2rdacontent
=337  \\$acomputer$2rdamedia
=338  \\$aonline resources$2rdacarrier
=500  \\$aText printed in two columns.
=500  \\$aTwo separate illustrations at head of title.
=500  \\$aIn verse.
=500  \\$aCaption title.
=500  \\$aImprint from colophon.
=500  \\$aIn two parts.
=599  \\$aItem no. T48 in volume G.11303.$5Uk
=533  \\$aElectronic Reproduction$bLondon$cBritish Library$d2012$nItem no. T48 in volume G.11303.$5Uk
=650  \0$aWomen$xConduct of life.
=650  \0$aDeception.
=650  \4$aMujeres$xConducta de vida.
=650  \4$aEngaño.
=655  \7$aChapbooks$zSpain.$2rbgenr
=752  \\$aSpain$dValencia.
=856  40$uhttp://cudl.lib.cam.ac.uk/view/PR-G-11303-00048$yCambridge Digital Library
=859  \\$aXLD$bCambridge Digital Library
=CAT  \\$aWR14_159$b00$c20141016$lBLL01$h1656
=CAT  \\$aWR14_181$c20150323$lBLL01$h1403
=CAT  \\$aW1606-1753$c20171028$lBLL01$h1604
=SRC  \\$aBLWrongdoing
=LAS  \\$aW1606-1753$b00$c20171028$lBLL01$h1604

