=LDR  01717 am a2200457 a 4500
=001  016895196
=003  Uk
=005  20140501171603.0
=006  m\\\\||\\d\|\\\\\\
=007  cr\|||||||||||
=008  140501q18221861sp\a\\\\o\\\\\000\0\spa\\
=FMT  \\$a  BK
=040  \\$aUkCU$beng$cUkCU$dUk
=245  00$aFolías glosadas que un amante hace a una discreta hermosura, esplicando su amor con titulos de comedias.
=260  \\$aBarcelona :$bEn la imprenta de Ygnacio Estivill, calle de la Boria,$c[between 1822 and 1861?]
=300  \\$a1 online resource
=336  \\$atext$2rdacontent
=337  \\$acomputer$2rdamedia
=338  \\$aonline resources$2rdacarrier
=500  \\$aText printed in two columns.
=500  \\$aTwo separate illustrations at head of title.
=500  \\$aIn verse.
=500  \\$aCaption title.
=500  \\$aImprint from colophon.
=500  \\$a"Folias para cantar entre galan y dama": p. [3-4].
=599  \\$aItem no. T50 in volume G.11303.$5Uk
=533  \\$aElectronic Reproduction$bLondon$cBritish Library$d2012$nItem no. T50 in volume G.11303.$5Uk
=650  \0$aCourtship.
=650  \0$aSongs, Spanish$vTexts.
=650  \4$aCortejo amoroso.
=653  \0$aCanciones españolas--Textos.
=655  \7$aChapbooks$zSpain.$2rbgenr
=740  02$aFolias para cantar entre galan y dama.
=752  \\$aSpain$dBarcelona.
=856  40$uhttp://cudl.lib.cam.ac.uk/view/PR-G-11303-00050$yCambridge Digital Library
=859  \\$aXLD$bCambridge Digital Library
=CAT  \\$aWR14_159$b00$c20141016$lBLL01$h1656
=CAT  \\$aWR14_181$c20150323$lBLL01$h1403
=CAT  \\$aW1606-1753$c20171028$lBLL01$h1604
=SRC  \\$aBLWrongdoing
=LAS  \\$aW1606-1753$b00$c20171028$lBLL01$h1604

