=LDR  02393 am a2200481 a 4500
=001  016895200
=003  Uk
=005  20140508141011.0
=006  m\\\\||\\d\|\\\\\\
=007  cr\|||||||||||
=008  140508q17601778sp\a\\\\o\\\\\000\0\spa\d
=FMT  \\$a  BK
=040  \\$aUkCU$beng$cUkCU$dUk
=100  1\$aLecha, Francisco.
=245  10$aCoblas de la jota :$bcon estrivillos y cuartillas : coblas para casadas, viudas, doncellas /$ccompuestas nuevamente por el mismo Francisco Lecha, que compuso las del Aguila soy del amor, y la Guirnalda de las coblas de los nombres de mugeres, ahora nuevamente en este presente año.
=260  \\$aBarcelona :$bEn la Imprenta de los herederos de Juan Jolis, en la calle de los Algodoneros,$c[between 1760 and 1778?]
=300  \\$a1 online resource
=336  \\$atext$2rdacontent
=337  \\$acomputer$2rdamedia
=338  \\$aonline resources$2rdacarrier
=500  \\$aText printed in two columns.
=500  \\$aIn verse.
=500  \\$aThree separate illustrations at head of title.
=500  \\$aCaption title.
=500  \\$aImprint from colophon.
=505  0\$aCuartillas de la jota -- Consuelos de un amante deseoso de alcanzar una dama -- Coblas de la jota pintando la fealdad, y habilidades de una dama -- Coblas de la jota, para cantar las señoras á sus galanes -- Coblas a las señoras viudas -- Otras coblas de una viuda zalamera -- Otras coblas de la jota, para cantar los mancebos á las puertas de sus damas -- Coblas de la jota para las doncellitas y personas de virtud, del nacimiento del Niño Jesús, de la Virgen, y San José.
=599  \\$aItem no. T54 in volume G.11303.$5Uk
=533  \\$aElectronic Reproduction$bLondon$cBritish Library$d2012$nItem no. T54 in volume G.11303.$5Uk
=650  \0$aSongs, Spanish$vTexts.
=650  \0$aCourtship.
=650  \0$aJotas.
=650  \4$aCortejo amoroso.
=650  \4$aJotas (Música)
=653  \0$aCanciones españolas--Textos.
=655  \7$aChapbooks$zSpain.$2rbgenr
=752  \\$aSpain$dBarcelona.
=856  40$uhttp://cudl.lib.cam.ac.uk/view/PR-G-11303-00054$yCambridge Digital Library
=859  \\$aXLD$bCambridge Digital Library
=CAT  \\$aWR14_159$b00$c20141016$lBLL01$h1656
=CAT  \\$aWR14_181$c20150323$lBLL01$h1403
=CAT  \\$aW1606-1753$c20171028$lBLL01$h1604
=SRC  \\$aBLWrongdoing
=LAS  \\$aW1606-1753$b00$c20171028$lBLL01$h1604

