=LDR  01803 am a2200469 a 4500
=001  016895207
=003  Uk
=005  20140508160557.0
=006  m\\\\||\\d\|\\\\\\
=007  cr\|||||||||||
=008  140508q17991850sp\a\\\\o\\\\\000\0\spa\\
=FMT  \\$a  BK
=040  \\$aUkCU$beng$cUkCU$dUk
=245  00$aMarcos de Cabra :$bJacosa relacion en la qual se refiera el trágico casamiento de un mozo de Guadarrama, que despues de unas alegres bodas, experimentó à pocos meses tanta multitud de partos en su casa, que por assistir á ellos no pudo comer ni descansar en todo un dia.
=260  \\$a[S.l. :$bs.n.,$cbetween 1799 and 1850?]
=300  \\$a1 online resource
=336  \\$atext$2rdacontent
=337  \\$acomputer$2rdamedia
=338  \\$aonline resources$2rdacarrier
=500  \\$aText printed in two columns.
=500  \\$aTwo separate illustrations at head of title.
=500  \\$aIn verse.
=500  \\$aCaption title.
=500  \\$aImprint from colophon.
=599  \\$aItem no. T61 in volume G.11303.$5Uk
=533  \\$aElectronic Reproduction$bLondon$cBritish Library$d2012$nItem no. T61 in volume G.11303.$5Uk
=650  \4$aMarcos de Cabra (Fictitious character)
=650  \0$aWeddings.
=650  \0$aChildbirth.
=650  \0$aParturition.
=650  \4$aBodas.
=650  \4$aParto.
=650  \4$aAnimales$xParto.
=653  \1$aMarcos de Cabra (Personaje ficticio)
=655  \7$aChapbooks$zSpain.$2rbgenr
=856  40$uhttp://cudl.lib.cam.ac.uk/view/PR-G-11303-00061$yCambridge Digital Library
=859  \\$aXLD$bCambridge Digital Library
=CAT  \\$aWR14_159$b00$c20141016$lBLL01$h1656
=CAT  \\$aWR14_181$c20150323$lBLL01$h1403
=CAT  \\$aW1606-1753$c20171028$lBLL01$h1604
=SRC  \\$aBLWrongdoing
=LAS  \\$aW1606-1753$b00$c20171028$lBLL01$h1604

