=LDR  01812 am a2200457 a 4500
=001  016895208
=003  Uk
=005  20140508160944.0
=006  m\\\\||\\d\|\\\\\\
=007  cr\|||||||||||
=008  140508q16791705sp\a\\\\o\\\\\000\0\spa\\
=FMT  \\$a  BK
=040  \\$aUkCU$beng$cUkCU$dUk
=100  1\$aPorras Trenllado, Andrés de.
=245  10$aRomance gracioso para reir y pasar el tiempo :$ben que se da cuenta de una sangrienta batalla que en los campos de Arabiana tuvo el valiente y esforzado leon rey de los animales, con el famoso y alentado grillo rey de las sabandijas /$ccompuesto por Andres de Porras Trenllado.
=260  \\$aBarcelona :$bPor Juan Jolis Impresor, en los Algodoneros,$c[between between 1679 and 1705]
=300  \\$a1 online resource
=336  \\$atext$2rdacontent
=337  \\$acomputer$2rdamedia
=338  \\$aonline resources$2rdacarrier
=500  \\$aText printed in two columns.
=500  \\$aIllustration at head of title.
=500  \\$aIn verse.
=500  \\$aCaption title.
=500  \\$aImprint from colophon.
=599  \\$aItem no. T62 in volume G.11303.$5Uk
=533  \\$aElectronic Reproduction$bLondon$cBritish Library$d2012$nItem no. T62 in volume G.11303.$5Uk
=650  \0$aSatire, Spanish.
=650  \4$aSátira española.
=650  \4$aGrillos.
=650  \4$aLeones.
=655  \7$aChapbooks$zSpain.$2rbgenr
=662  \\$aSpain$dAndalusia$2lcsh-naf
=752  \\$aSpain$dBarcelona.
=856  40$uhttp://cudl.lib.cam.ac.uk/view/PR-G-11303-00062$yCambridge Digital Library
=859  \\$aXLD$bCambridge Digital Library
=CAT  \\$aWR14_159$b00$c20141016$lBLL01$h1656
=CAT  \\$aWR14_181$c20150323$lBLL01$h1403
=CAT  \\$aW1606-1753$c20171028$lBLL01$h1604
=SRC  \\$aBLWrongdoing
=LAS  \\$aW1606-1753$b00$c20171028$lBLL01$h1604

