=LDR  01943 am a2200469 a 4500
=001  016895209
=003  Uk
=005  20140508161908.0
=006  m\\\\||\\d\|\\\\\\
=007  cr\|||||||||||
=008  140508q17601778sp\a\\\\o\\\\\000\0\spa\\
=FMT  \\$a  BK
=040  \\$aUkCU$beng$cUkCU$dUk
=100  1\$aBardaxi, Alberto.
=245  10$aAgradable discurso del testamento del asno y mandas graciosas que hizo, y las medicinas que le aplicó en su enfermedad un doctor de asnos, donde se declara su testamento, muerte y llanto que hicieron los juramentos por la muerte del asno :$blleva al cabo un romance de las fiestas que hicieron los palanquines en Madrid, dia de Carnestolendas /$ccompuesto por Alberto Bardaxi, natural del Reyno de Aragon.
=260  \\$aBarcelona :$bPor los herederos de Juan Jolis, calle de los Algodoneros,$c[between 1760 and 1778?]
=300  \\$a1 online resource
=336  \\$atext$2rdacontent
=337  \\$acomputer$2rdamedia
=338  \\$aonline resources$2rdacarrier
=500  \\$aText printed in two columns.
=500  \\$aIllustration at head of title.
=500  \\$aIn verse.
=500  \\$aCaption title.
=500  \\$aImprint from colophon.
=599  \\$aItem no. T63 in volume G.11303.$5Uk
=533  \\$aElectronic Reproduction$bLondon$cBritish Library$d2012$nItem no. T63 in volume G.11303.$5Uk
=650  \0$aSatire, Spanish.
=650  \0$aDonkeys.
=650  \0$aWills.
=650  \4$aSátira española.
=650  \4$aAsnos.
=650  \4$aTestamentos
=655  \7$aChapbooks$zSpain.$2rbgenr
=752  \\$aSpain$dBarcelona.
=856  40$uhttp://cudl.lib.cam.ac.uk/view/PR-G-11303-00063$yCambridge Digital Library
=859  \\$aXLD$bCambridge Digital Library
=CAT  \\$aWR14_159$b00$c20141016$lBLL01$h1656
=CAT  \\$aWR14_181$c20150323$lBLL01$h1403
=CAT  \\$aW1606-1753$c20171028$lBLL01$h1604
=SRC  \\$aBLWrongdoing
=LAS  \\$aW1606-1753$b00$c20171028$lBLL01$h1604

