=LDR  01677cam a2200445 a 4500
=001  016895212
=003  Uk
=005  20140508170212.0
=006  m\\\\||\\d\|\\\\\\
=007  cr\|||||||||||
=008  140508q16791705sp\a\\\\o\\\\\000\0\spa\\
=FMT  \\$a  BK
=040  \\$aUkCU$beng$cUkCU$dUk
=245  00$aRomance a las virtudes de la noche, con lindo estilo :$bcon un romance á la fin à una negra señora en alabanza al negro : gustoso y entretenido para passar el tiempo.
=260  \\$aBarcelona :$bEn la Imprenta de Juan Jolis Impressor, en la calle de los Algodoneros,$c[between 1679 and 1705]
=300  \\$a1 online resource
=336  \\$atext$2rdacontent
=337  \\$acomputer$2rdamedia
=338  \\$aonline resources$2rdacarrier
=500  \\$aText printed in two columns.
=500  \\$aThree separate illustrations at head of title.
=500  \\$aIn verse.
=500  \\$aCaption title.
=500  \\$aImprint from colophon.
=599  \\$aItem no. T66 in volume G.11303.$5Uk
=533  \\$aElectronic Reproduction$bLondon$cBritish Library$d2012$nItem no. T66 in volume G.11303.$5Uk
=650  \0$aNight.
=650  \0$aBlack people.
=650  \4$aNoche.
=650  \4$aNegros.
=655  \7$aChapbooks$zSpain.$2rbgenr
=752  \\$aSpain$dBarcelona.
=856  40$uhttp://cudl.lib.cam.ac.uk/view/PR-G-11303-00066$yCambridge Digital Library
=859  \\$aXLD$bCambridge Digital Library
=CAT  \\$aWR14_159$b00$c20141016$lBLL01$h1656
=CAT  \\$aWR14_181$c20150323$lBLL01$h1403
=CAT  \\$aW1606-1753$c20171028$lBLL01$h1604
=CAT  \\$a11249$b40$c20221018$lBLL01$h1550
=SRC  \\$aBLWrongdoing
=LAS  \\$a11249$b40$c20221018$lBLL01$h1550

