=LDR  01782 am a2200433 a 4500
=001  016895214
=003  Uk
=005  20140508172855.0
=006  m\\\\||\\d\|\\\\\\
=007  cr\|||||||||||
=008  140508q17601778sp\a\\\\o\\\\\000\0\spa\\
=FMT  \\$a  BK
=040  \\$aUkCU$beng$cUkCU$dUk
=100  1\$aHernández de Tornon, Juan.
=245  10$aVerdadera relacion de como un rustico labrador (aunque en este negocio no lo mostró) con su buena astucia y pronto consejo de su muger, engañó á dos mercaderes por muy gentil y gracioso estilo :$bahora nuevamente puesto en prosa por el maestro Juan Hernandez de Tornon.
=246  17$aVerdadera relacion de un rustico labrador
=260  \\$aBarcelona :$bEn la imprenta de los herederos de Juan Jolis, en la calle de los Algodoneros,$c[between 1760 and 1778?]
=300  \\$a1 online resource
=336  \\$atext$2rdacontent
=337  \\$acomputer$2rdamedia
=338  \\$aonline resources$2rdacarrier
=500  \\$aIllustration below title.
=500  \\$aIn prose.
=500  \\$aCaption title.
=599  \\$aItem no. T69 in volume G.11303.$5Uk
=533  \\$aElectronic Reproduction$bLondon$cBritish Library$d2012$nItem no. T69 in volume G.11303.$5Uk
=650  \0$aMerchants.
=650  \4$aComerciantes.
=650  \0$aAgricultural laborers.
=650  \4$aTrabajadores agrícolas.
=655  \7$aChapbooks$zSpain.$2rbgenr
=752  \\$aSpain$dBarcelona.
=856  40$uhttp://cudl.lib.cam.ac.uk/view/PR-G-11303-00069$yCambridge Digital Library
=859  \\$aXLD$bCambridge Digital Library
=CAT  \\$aWR14_159$b00$c20141016$lBLL01$h1656
=CAT  \\$aWR14_181$c20150323$lBLL01$h1403
=CAT  \\$aW1606-1753$c20171028$lBLL01$h1604
=SRC  \\$aBLWrongdoing
=LAS  \\$aW1606-1753$b00$c20171028$lBLL01$h1604

