=LDR  02493 am a2200529 a 4500
=001  016895218
=003  Uk
=005  20140602102108.0
=006  m\\\\||\\d\|\\\\\\
=007  cr\|||||||||||
=008  140509s1823\\\\sp\a\\\\o\\\\\000\0\spa\\
=FMT  \\$a  BK
=040  \\$aUkCU$beng$cUkCU$dUk
=245  00$aDionisia Perez Losada :$bNueva relacion y curioso romance, en que se da cuenta del exemplar castigo que Dios nuestro Señor ha permitido mandar hacer en un caballero, por haber levantado un falso testimonio á una doncella honesta y virtuosa : Refiérese como estando para morir, cuatro demonios en figura de perros le despedezaron, y como la doncella se vio libre de las asechanzas y engaño del demonio por ser devota de nuestra Señora del Pilar y los santos Evangelios : con todas las demás circunstancias que verán los discretos lectores : Sucedio en la ciudad de Zaragoza en este presente año : primera parte.
=260  \\$aBarcelona :$bImprenta de Ignacio Estivill, calle de la Boria,$c1823.
=300  \\$a1 online resource
=336  \\$atext$2rdacontent
=337  \\$acomputer$2rdamedia
=338  \\$aonline resources$2rdacarrier
=500  \\$aText printed in two columns.
=500  \\$aTwo separate illustrations at head of title.
=500  \\$aIn verse.
=500  \\$aCaption title.
=500  \\$aImprint from colophon.
=500  \\$aIn two parts.
=599  \\$aItem no. T74 in volume G.11303.$5Uk
=533  \\$aElectronic Reproduction$bLondon$cBritish Library$d2012$nItem no. T74 in volume G.11303.$5Uk
=600  00$aJesus Christ$xDevotion to.
=600  04$aJesucristo$xDevoción a.
=650  \4$aDionisia Perez Losada (Fictitious character)
=650  \0$aJudgment of God.
=650  \0$aChristianity and justice.
=650  \4$aDemonio.
=653  \1$aDionisia Perez Losada (Personaje ficticio)
=653  \0$aJusticia divina.
=655  \7$aChapbooks$zSpain.$2rbgenr
=662  \\$aSpain$dZaragoza$2lcsh-naf
=700  1\$aEstivill, Ignacio,$dactive 1816-1852$cactive 1816-1852,$eprinter.$5Uk
=752  \\$aSpain$dBarcelona.
=856  40$uhttp://cudl.lib.cam.ac.uk/view/PR-G-11303-00074$yCambridge Digital Library
=859  \\$aXLD$bCambridge Digital Library
=CAT  \\$aWR14_159$b00$c20141016$lBLL01$h1656
=CAT  \\$aBATCH-UPD$b00$c20141016$lBLL01$h1713
=CAT  \\$aWR14_181$c20150323$lBLL01$h1403
=CAT  \\$aW1606-1753$c20171028$lBLL01$h1604
=SRC  \\$aBLWrongdoing
=LAS  \\$aW1606-1753$b00$c20171028$lBLL01$h1604

