=LDR  02204 am a2200469 a 4500
=001  016895222
=003  Uk
=005  20140509123048.0
=006  m\\\\||\\d\|\\\\\\
=007  cr\|||||||||||
=008  140509q17011772sp\a\\\\o\\\\\000\0\spa\\
=FMT  \\$a  BK
=040  \\$aUkCU$beng$cUkCU$dUk
=245  00$aNueva relacion, curioso y verdadero romance en que se dá cuenta y declara el fin de los sucesos y vida del Señor San Albano : con todas las circunstancias, que verá el curioso lector.
=260  \\$aSe hallará en Barcelona :$bEn la Imprenta de Juan Forns, impressor, en la calle de Amargós ...,$c[between 1701 and 1772?]
=300  \\$a1 online resource
=336  \\$atext$2rdacontent
=337  \\$acomputer$2rdamedia
=338  \\$aonline resources$2rdacarrier
=500  \\$aText printed in two columns.
=500  \\$aThree separate illustrations at head of title; second part with three additional illustrations at head of title.
=500  \\$aIn verse.
=500  \\$aCaption title.
=500  \\$aImprint from colophon.
=500  \\$aIn two parts. Part two has title: "Verdadera relacion y curioso romance en que se dá cuenta y declara el fin de los sucessos y vida de el señor San Albano, con todas las circunstancias que verá el curioso letor, segunda parte."
=599  \\$aItem no. T77 in volume G.11303.$5Uk
=533  \\$aElectronic Reproduction$bLondon$cBritish Library$d2012$nItem no. T77 in volume G.11303.$5Uk
=650  04$aSan Albano (Fictitious character)
=650  \0$aIncest.
=650  \4$aIncesto.
=653  \1$aSan Albano (Personaje ficticio)
=655  \7$aChapbooks$zSpain.$2rbgenr
=662  \\$aHungary$2lcsh-naf
=740  02$aVerdadera relacion y curioso romance en que se dá cuenta y declara el fin de los sucessos y vida de el señor San Albano.
=752  \\$aSpain$dBarcelona.
=856  40$uhttp://cudl.lib.cam.ac.uk/view/PR-G-11303-00077$yCambridge Digital Library
=859  \\$aXLD$bCambridge Digital Library
=CAT  \\$aWR14_159$b00$c20141016$lBLL01$h1656
=CAT  \\$aWR14_181$c20150323$lBLL01$h1403
=CAT  \\$aW1606-1753$c20171028$lBLL01$h1604
=SRC  \\$aBLWrongdoing
=LAS  \\$aW1606-1753$b00$c20171028$lBLL01$h1604

