=LDR  02092 am a2200505 a 4500
=001  016895224
=003  Uk
=005  20140509124017.0
=006  m\\\\||\\d\|\\\\\\
=007  cr\|||||||||||
=008  140509q17601778sp\a\\\\o\\\\\000\0\spa\\
=FMT  \\$a  BK
=040  \\$aUkCU$beng$cUkCU$dUk
=245  00$aBlas de Leon :$bVerdadera relacion de un riguroso castigo que ejecutaron los moros de Argél con un cautivo natural de la villa de Ontiveros : dase cuenta como fué clavado en diez escarpias, donde estuvo tres dias vivo, predicando la fé de Jesucristo : con lo demas que verá el curioso.
=246  30$aVerdadera relacion de un riguroso castigo que ejecutaros los Moros de Argél con un cautivo natural de la villa de Ontiveros
=260  \\$aBarcelona :$bImprenta de los herederos de Juan Jolis en los Cotoners,$c[between 1760 and 1778?]
=300  \\$a1 online resource
=336  \\$atext$2rdacontent
=337  \\$acomputer$2rdamedia
=338  \\$aonline resources$2rdacarrier
=500  \\$aText printed in two columns.
=500  \\$aTwo separate illustrations at head of title.
=500  \\$aIn verse.
=500  \\$aCaption title.
=500  \\$aImprint from colophon.
=599  \\$aItem no. T79 in volume G.11303.$5Uk
=533  \\$aElectronic Reproduction$bLondon$cBritish Library$d2012$nItem no. T79 in volume G.11303.$5Uk
=650  \0$aAtrocities.
=650  \0$aMurder.
=650  \4$aAtrocidades.
=650  \4$aAsesinato.
=650  \4$aBlas de Leon (Fictitious character)
=650  \4$aCautivos.
=653  1\$aBlas de Leon (Personaje ficticio)
=655  \7$aChapbooks$zSpain.$2rbgenr
=662  \\$aSpain$dMálaga$2lcsh-naf
=662  \\$aAlgeria$2lcsh-naf
=752  \\$aSpain$dBarcelona.
=856  40$uhttp://cudl.lib.cam.ac.uk/view/PR-G-11303-00079$yCambridge Digital Library
=859  \\$aXLD$bCambridge Digital Library
=CAT  \\$aWR14_159$b00$c20141016$lBLL01$h1656
=CAT  \\$aWR14_181$c20150323$lBLL01$h1403
=CAT  \\$aW1606-1753$c20171028$lBLL01$h1604
=SRC  \\$aBLWrongdoing
=LAS  \\$aW1606-1753$b00$c20171028$lBLL01$h1604

