=LDR  02144 am a2200493 a 4500
=001  016895225
=003  Uk
=005  20140509124502.0
=006  m\\\\||\\d\|\\\\\\
=007  cr\|||||||||||
=008  140509q17601778sp\a\\\\o\\\\\000\0\spa\\
=FMT  \\$a  BK
=040  \\$aUkCU$beng$cUkCU$dUk
=245  00$aRomance nuevo en que se declara y da cuenta como un christiano, natural de la ciudad de Valencia, estando cautivo en la ciudad de Constantinopla en el palacio del gran turco, se enamoró de él la hija de dicho rey :$bdase cuenta como él con sus persuaciones la reduxo à nuestra S. Fé, bautizandola : y como despues murieron martyres : con todo lo demás que verá el curioso letor.
=260  \\$aBarcelona :$bPor los Herederos de Juan Jolis, en los Algodoneros,$c[between 1760 and 1778?]
=300  \\$a1 online resource
=336  \\$atext$2rdacontent
=337  \\$acomputer$2rdamedia
=338  \\$aonline resources$2rdacarrier
=500  \\$aText printed in two columns.
=500  \\$aIn verse.
=500  \\$aIllustration at head of title.
=500  \\$aCaption title.
=500  \\$aImprint from colophon.
=599  \\$aItem no. T80 in volume G.11303.$5Uk
=533  \\$aElectronic Reproduction$bLondon$cBritish Library$d2012$nItem no. T80 in volume G.11303.$5Uk
=650  \0$aChristianity and other religions$xIslam.
=650  \0$aIslam$xRelations$xChristianity.
=650  \0$aConversion$xChristianity.
=650  \4$aCristianismo y otras religiones$xIslamismo.
=650  \4$aIslamismo$xRelaciones$xCristianismo.
=650  \4$aConversión religiosa$xCristianismo.
=650  \4$aCautivos.
=655  \7$aChapbooks$zSpain.$2rbgenr
=662  \\$aSpain$dValencia$2lcsh-naf
=662  \\$aTurkey$dIstanbul$2lcsh-naf
=752  \\$aSpain$dBarcelona.
=856  40$uhttp://cudl.lib.cam.ac.uk/view/PR-G-11303-00080$yCambridge Digital Library
=859  \\$aXLD$bCambridge Digital Library
=CAT  \\$aWR14_159$b00$c20141016$lBLL01$h1656
=CAT  \\$aWR14_181$c20150323$lBLL01$h1403
=CAT  \\$aW1606-1753$c20171028$lBLL01$h1604
=SRC  \\$aBLWrongdoing
=LAS  \\$aW1606-1753$b00$c20171028$lBLL01$h1604

