=LDR  02243 am a2200517 a 4500
=001  016895226
=003  Uk
=005  20140509125311.0
=006  m\\\\||\\d\|\\\\\\
=007  cr\|||||||||||
=008  140509q18011809sp\a\\\\o\\\\\000\0\spa\d
=FMT  \\$a  BK
=040  \\$aUkCU$beng$cUkCU$dUk
=100  1\$aBrizuela, Matheo de.
=245  10$aSegunda parte de la espantosa y rara penitencia que hizo una muger natural de Valladolid, en el monte Arsiano, junto á Roma, la cual habia renegado en Turquia :$by como fué á buscar á dos hijos y los convirtió, sin conocer á su madre : dase cuenta de lo que pasó hasta tenerlos en Roma á donde los bautizaron, y el dichoso fin de esta muger /$ccompuesto por Matheo de Brizuela, natural de la Villa de Dueñas.
=260  \\$aBarcelona :$bEn la imprenta de la Viuda de Bernardo Pla, calle de Cotoners,$c[between 1801 and 1809?]
=300  \\$a1 online resource
=336  \\$atext$2rdacontent
=337  \\$acomputer$2rdamedia
=338  \\$aonline resources$2rdacarrier
=500  \\$aText printed in two columns.
=500  \\$aIn verse.
=500  \\$aIllustration below title.
=500  \\$aCaption title.
=500  \\$aImprint from colophon.
=599  \\$aItem no. T81 in volume G.11303.$5Uk
=533  \\$aElectronic Reproduction$bLondon$cBritish Library$d2012$nItem no. T81 in volume G.11303.$5Uk
=650  \0$aChristianity and other religions$xIslam.
=650  \0$aIslam$xRelations$xChristianity.
=650  \0$aRepentance$xChristianity.
=650  \4$aCristianismo y otras religiones$xIslamismo.
=650  \4$aIslamismo$xRelaciones$xCristianismo.
=650  \4$aArrepentimiento$xCristianismo.
=650  \4$aEsclavos.
=655  \7$aChapbooks$zSpain.$2rbgenr
=662  \\$aSpain$dValladolid$2lcsh-naf
=662  \\$aItaly$dRome$2lcsh-naf
=662  \\$aTurkey$2lcsh-naf
=752  \\$aSpain$dBarcelona.
=856  40$uhttp://cudl.lib.cam.ac.uk/view/PR-G-11303-00081$yCambridge Digital Library
=859  \\$aXLD$bCambridge Digital Library
=CAT  \\$aWR14_159$b00$c20141016$lBLL01$h1656
=CAT  \\$aWR14_181$c20150323$lBLL01$h1403
=CAT  \\$aW1606-1753$c20171028$lBLL01$h1604
=SRC  \\$aBLWrongdoing
=LAS  \\$aW1606-1753$b00$c20171028$lBLL01$h1604

