=LDR  02208 am a2200457 a 4500
=001  016895227
=003  Uk
=005  20140509140631.0
=006  m\\\\||\\d\|\\\\\\
=007  cr\|||||||||||
=008  140509q17601778sp\a\\\\o\\\\\000\1\spa\\
=FMT  \\$a  BK
=040  \\$aUkCU$beng$cUkCU$dUk
=245  10$aPrimera y segunda parte del testamento, que ordenó el serenissimo señor Don Juan de Austria (segundo de este nombre) y fervoroso acto de amor de Dios, que antes de recibir el SS. Sacramento hizo, y despedimiento de su hermano el señor rey Don Carlos segundo de España.
=260  \\$aBarcelona :$bPor los Herederos de Juan Jolis impressor, en la calle de los Algodoneros,$c[between 1760 and 1778?]
=300  \\$a1 online resource
=336  \\$atext$2rdacontent
=337  \\$acomputer$2rdamedia
=338  \\$aonline resources$2rdacarrier
=500  \\$aText printed in two columns.
=500  \\$aIllustration incorporated within title.
=500  \\$aIn verse.
=500  \\$aCaption title.
=500  \\$aImprint from colophon.
=500  \\$aIn two parts. Part two has title: "Segunda parte Del testamento del serenissimo señor Don Juan de Austria : refierese la catolica y ultima despedida que antes de espirar hizo de el Rey su hermano, de todo el reyno y de los grandes, y tambien las mandas que hizo à las imagenes de su devocion."
=599  \\$aItem no. T82 in volume G.11303.$5Uk
=533  \\$aElectronic Reproduction$bLondon$cBritish Library$d2012$nItem no. T82 in volume G.11303.$5Uk
=600  00$aJohn,$cof Austria,$d1547-1578$xDeath and burial.
=600  04$aJuan,$cde Austria,$d1547-1578$xMuerte y entierro.
=650  \0$aWills.
=650  \4$aTestamentos.
=655  \7$aChapbooks$zSpain.$2rbgenr
=740  02$aDel testamento del serenísimo señor Don Juan de Austria.
=752  \\$aSpain$dBarcelona.
=856  40$uhttp://cudl.lib.cam.ac.uk/view/PR-G-11303-00082$yCambridge Digital Library
=859  \\$aXLD$bCambridge Digital Library
=CAT  \\$aWR14_159$b00$c20141016$lBLL01$h1656
=CAT  \\$aWR14_181$c20150323$lBLL01$h1403
=CAT  \\$aW1606-1753$c20171028$lBLL01$h1604
=SRC  \\$aBLWrongdoing
=LAS  \\$aW1606-1753$b00$c20171028$lBLL01$h1604

