=LDR  02114 am a2200493 a 4500
=001  016895228
=003  Uk
=005  20140509141854.0
=006  m\\\\||\\d\|\\\\\\
=007  cr\|||||||||||
=008  140509q17601778sp\a\\\\o\\\\\000\0\spa\\
=FMT  \\$a  BK
=040  \\$aUkCU$beng$cUkCU$dUk
=100  1\$aBrizuela, Matheo de.
=245  10$aTratado en el qual se contiene dos obras muy provechosas y de buen exemplo para los christianos :$bla primera trata del muy doloroso apartamiento y lastimosa despedida que haze el alma y el cuerpo al punto de la muerte, quando se aparta el uno del otro : la segunda, de un juego de esgrima à lo Divino, que trata de la tentacion de Christo quando en el desierto fué tentado por el demonio /$ccompuesto por Matheo de Brizuela, natural de Dueñas.
=260  \\$aBarcelona :$bEn la imprenta de los herederos de Juan Jolis, en la calle de los Algodoneros,$c[between 1760 and 1778?]
=300  \\$a1 online resource
=336  \\$atext$2rdacontent
=337  \\$acomputer$2rdamedia
=338  \\$aonline resources$2rdacarrier
=500  \\$aText printed in two columns.
=500  \\$aIllustration at head of title.
=500  \\$aIn verse.
=500  \\$aCaption title.
=500  \\$aImprint from colophon.
=599  \\$aItem no. T83 in volume G.11303.$5Uk
=533  \\$aElectronic Reproduction$bLondon$cBritish Library$d2012$nItem no. T83 in volume G.11303.$5Uk
=650  \0$aChristian literature, Spanish.
=650  \0$aDeath$xReligious aspects.
=650  \0$aSoul.
=650  \0$aDevil
=650  \4$aLiteratura religiosa española.
=650  \4$aMuerte$xAspectos religiosos.
=650  \4$aAlma.
=650  \4$aDemonio.
=655  \7$aChapbooks$zSpain.$2rbgenr
=752  \\$aSpain$dBarcelona.
=856  40$uhttp://cudl.lib.cam.ac.uk/view/PR-G-11303-00083$yCambridge Digital Library
=859  \\$aXLD$bCambridge Digital Library
=CAT  \\$aWR14_159$b00$c20141016$lBLL01$h1656
=CAT  \\$aWR14_181$c20150323$lBLL01$h1403
=CAT  \\$aW1606-1753$c20171028$lBLL01$h1604
=SRC  \\$aBLWrongdoing
=LAS  \\$aW1606-1753$b00$c20171028$lBLL01$h1604

