=LDR  02386 am a2200469 a 4500
=001  016895229
=003  Uk
=005  20140509145958.0
=006  m\\\\||\\d\|\\\\\\
=007  cr\|||||||||||
=008  140509q17601778sp\a\\\\o\\\\\000\0\spa\\
=FMT  \\$a  BK
=040  \\$aUkCU$beng$cUkCU$dUk
=245  00$aPrimera parte de los famosos romances del gigante Cananéo San Christobal :$bdáse cuenta como por órden de Jesu-Christo dexó ser General de los Exércitos del Rey Dagno, y como por revelacion de un angel fué à buscar la compañia de un ermitaño, y como el mismo Christo le dió el nombre de Christoval : con otras particularidades, que verá el curioso lector.
=260  \\$aBarcelona :$bEn la imprenta de los herederos de Juan Jolis, en la calle de los Algodoneros,$c[between 1760 and 1778?]
=300  \\$a1 online resource
=336  \\$atext$2rdacontent
=337  \\$acomputer$2rdamedia
=338  \\$aonline resources$2rdacarrier
=500  \\$aText printed in two columns.
=500  \\$aIllustration at head of title.
=500  \\$aIn verse.
=500  \\$aCaption title.
=500  \\$aImprint from colophon.
=500  \\$aIn two parts. Part two has title: "Segunda parte de los famosos romances del gigante Cananéo San Christobal: dáse cuenta como por órden de Jesu-Christo fué à predicar à los gentiles, y convirtió quarenta y ocho mil personas, y como fué martirizado, y en su muerte se convirtió el rey con ochenta mil personas de sus reynos, con otras particularidades que verá el curioso lectór."
=599  \\$aItem no. T84 in volume G.11303.$5Uk
=533  \\$aElectronic Reproduction$bLondon$cBritish Library$d2012$nItem no. T84 in volume G.11303.$5Uk
=600  00$aChristopher,$cSaint.
=650  \0$aMartyrs$vLegends.
=650  \0$aChristian literature, Spanish.
=650  \4$aMártires$xLeyendas.
=650  \4$aLiteratura religiosa española.
=653  \1$aSan Cristóbal.
=655  \7$aChapbooks$zSpain.$2rbgenr
=752  \\$aSpain$dBarcelona.
=856  40$uhttp://cudl.lib.cam.ac.uk/view/PR-G-11303-00084$yCambridge Digital Library
=859  \\$aXLD$bCambridge Digital Library
=CAT  \\$aWR14_159$b00$c20141016$lBLL01$h1656
=CAT  \\$aWR14_181$c20150323$lBLL01$h1403
=CAT  \\$aW1606-1753$c20171028$lBLL01$h1604
=SRC  \\$aBLWrongdoing
=LAS  \\$aW1606-1753$b00$c20171028$lBLL01$h1604

