=LDR  01900 am a2200469 a 4500
=001  016895231
=003  Uk
=005  20140509151122.0
=006  m\\\\||\\d\|\\\\\\
=007  cr\|||||||||||
=008  140509q17661797sp\a\\\\o\\\\\000\0\spa\\
=FMT  \\$a  BK
=040  \\$aUkCU$beng$cUkCU$dUk
=245  00$aNueva relacion y curioso romance donde se da cuenta de la amorosa conversacion que tuvo un sacerdote con Dios nuestro señor, al qual se le apareció en trage de pobre á su propia puerta, pidiendole una limosna :$bY el desastrado fin que tuvo una criada suya, con lo demás que verá el curioso lector.
=260  \\$aBarcelona :$bEn la Imprenta de Bernardo Pla. en los Cotoners,$c[between 1766 and 1797?]
=300  \\$a1 online resource
=336  \\$atext$2rdacontent
=337  \\$acomputer$2rdamedia
=338  \\$aonline resources$2rdacarrier
=500  \\$aText printed in two columns.
=500  \\$aIllustration at head of title.
=500  \\$aIn verse.
=500  \\$aCaption title.
=500  \\$aImprint from colophon.
=599  \\$aItem no. T86 in volume G.11303.$5Uk
=533  \\$aElectronic Reproduction$bLondon$cBritish Library$d2012$nItem no. T86 in volume G.11303.$5Uk
=600  00$aJesus Christ$xApparitions and miracles.
=600  04$aJesucristo$xApariciones y milagros.
=650  \0$aJudgment of God.
=650  \0$aChristianity and justice.
=650  \4$aSacerdotes.
=653  \1$aCriadas.
=653  \0$aJusticia divina.
=655  \7$aChapbooks$zSpain.$2rbgenr
=752  \\$aSpain$dBarcelona.
=856  40$uhttp://cudl.lib.cam.ac.uk/view/PR-G-11303-00086$yCambridge Digital Library
=859  \\$aXLD$bCambridge Digital Library
=CAT  \\$aWR14_159$b00$c20141016$lBLL01$h1656
=CAT  \\$aWR14_181$c20150323$lBLL01$h1403
=CAT  \\$aW1606-1753$c20171028$lBLL01$h1604
=SRC  \\$aBLWrongdoing
=LAS  \\$aW1606-1753$b00$c20171028$lBLL01$h1604

