=LDR  01885 am a2200481 a 4500
=001  016895232
=003  Uk
=005  20140509151733.0
=006  m\\\\||\\d\|\\\\\\
=007  cr\|||||||||||
=008  140509q17601778sp\a\\\\o\\\\\000\0\spa\\
=FMT  \\$a  BK
=040  \\$aUkCU$beng$cUkCU$dUk
=245  00$aNuevo romance en que se declara la desembuelta y mala vida de una donzella del reyno de Sevilla :$bque por sus maldades permitió Dios se transformase en mula, y los demonios la llevasen á que la herrase un herrador : con lo demás que verá el curioso lector.
=260  \\$aBarcelona :$bPor los herederos de Juan Jolis, en la calle de los Algodoneros,$c[between 1760 and 1778?]
=300  \\$a1 online resource
=336  \\$atext$2rdacontent
=337  \\$acomputer$2rdamedia
=338  \\$aonline resources$2rdacarrier
=500  \\$aText printed in two columns.
=500  \\$aIllustration at head of title.
=500  \\$aIn verse.
=500  \\$aCaption title.
=500  \\$aImprint from colophon.
=599  \\$aItem no. T87 in volume G.11303.$5Uk
=533  \\$aElectronic Reproduction$bLondon$cBritish Library$d2012$nItem no. T87 in volume G.11303.$5Uk
=600  00$aJesus Christ$xApparitions and miracles.
=600  00$aJesucristo$xApariciones y milagros.
=650  \0$aWomen$xReligious life.
=650  \0$aSin.
=650  \4$aMujeres$xVida religiosa.
=650  \4$aPecado.
=650  \4$aDemonio.
=650  \4$aMulos.
=655  \7$aChapbooks$zSpain.$2rbgenr
=752  \\$aSpain$dBarcelona.
=856  40$uhttp://cudl.lib.cam.ac.uk/view/PR-G-11303-00087$yCambridge Digital Library
=859  \\$aXLD$bCambridge Digital Library
=CAT  \\$aWR14_159$b00$c20141016$lBLL01$h1656
=CAT  \\$aWR14_181$c20150323$lBLL01$h1403
=CAT  \\$aW1606-1753$c20171028$lBLL01$h1604
=SRC  \\$aBLWrongdoing
=LAS  \\$aW1606-1753$b00$c20171028$lBLL01$h1604

