=LDR  01901 am a2200457 a 4500
=001  016895233
=003  Uk
=005  20140509152246.0
=006  m\\\\||\\d\|\\\\\\
=007  cr\|||||||||||
=008  140509q16791705sp\a\\\\o\\\\\000\0\spa\\
=FMT  \\$a  BK
=040  \\$aUkCU$beng$cUkCU$dUk
=245  00$aNueva relacion y curioso romance de la mas prodigiosa historia que han ohido los mortales, en que se declara la feliz fortuna que tuvo un hijo de un cortante de la ciudad de Cadiz, llevandosele un mercader à las Indias : Dase cuenta como bolvió à España por permission del cielo y se casó con la hija de un mercader causante de su desgracia y dicha : primera parte.
=260  \\$aBarcelona :$bEn casa Juan Jolis Impresor, en la calle de los Algodoneros,$c[between 1679 and 1705]
=300  \\$a1 online resource
=336  \\$atext$2rdacontent
=337  \\$acomputer$2rdamedia
=338  \\$aonline resources$2rdacarrier
=500  \\$aText printed in two columns.
=500  \\$aTwo separate illustrations at head of title.
=500  \\$aIn verse.
=500  \\$aCaption title.
=500  \\$aImprint from colophon.
=500  \\$aIn two parts.
=599  \\$aItem no. T88 in volume G.11303.$5Uk
=533  \\$aElectronic Reproduction$bLondon$cBritish Library$d2012$nItem no. T88 in volume G.11303.$5Uk
=650  \0$aRevenge.
=650  \4$aVenganza.
=650  \4$aComerciantes.
=650  \4$aEsclavos.
=655  \7$aChapbooks$zSpain.$2rbgenr
=662  \\$aSpain$dCádiz$2lcsh-naf
=752  \\$aSpain$dBarcelona.
=856  40$uhttp://cudl.lib.cam.ac.uk/view/PR-G-11303-00088$yCambridge Digital Library
=859  \\$aXLD$bCambridge Digital Library
=CAT  \\$aWR14_159$b00$c20141016$lBLL01$h1656
=CAT  \\$aWR14_181$c20150323$lBLL01$h1403
=CAT  \\$aW1606-1753$c20171028$lBLL01$h1604
=SRC  \\$aBLWrongdoing
=LAS  \\$aW1606-1753$b00$c20171028$lBLL01$h1604

