=LDR  01914 am a2200445 a 4500
=001  016895237
=003  Uk
=005  20140509155925.0
=006  m\\\\||\\d\|\\\\\\
=007  cr\|||||||||||
=008  140509q17991850sp\a\\\\o\\\\\000\0\spa\d
=FMT  \\$a  BK
=040  \\$aUkCU$beng$cUkCU$dUk
=245  00$aNueva relacion y curioso romance en que se dá cuenta de los hechos, valentías y temerarios arrojos que confessó aver hecho un famoso capitan de vandoleros llamado Ramon Guardiola, natural de la villa de Valls en el reyno de Cataluña :$bDàse cuenta como en la ciudad de Barcelona à 19. de junio de 1728 fue desquartizado y la cabeza puesta en una puerta de dicha ciudad : De Ramon Guardiola.
=246  30$aDe Ramon Guardiola
=260  \\$a[S.l. :$bs.n.,$cbetween 1799 and 1850?]
=300  \\$a1 online resource
=336  \\$atext$2rdacontent
=337  \\$acomputer$2rdamedia
=338  \\$aonline resources$2rdacarrier
=500  \\$aText printed in two columns.
=500  \\$aIn verse.
=500  \\$aTwo separate illustrations incorporated within title.
=500  \\$aCaption title.
=599  \\$aItem no. T4 in volume T.1957.$5Uk
=533  \\$aElectronic Reproduction$bLondon$cBritish Library$d2012$nItem no. T4 in volume T.1957.$5Uk
=650  \4$aRamon Guardiola (Fictitious character)
=650  \0$aBrigands and robbers.
=650  \4$aBandoleros.
=653  \1$aRamon Guardiola (Personaje ficticio)
=655  \7$aChapbooks$zSpain.$2rbgenr
=662  \\$aSpain$dValls$2lcsh-naf
=662  \\$aSpain$dBarcelona$2lcsh-naf
=856  40$uhttp://cudl.lib.cam.ac.uk/view/PR-T-01957-00004$yCambridge Digital Library
=859  \\$aXLD$bCambridge Digital Library
=CAT  \\$aWR14_159$b00$c20141016$lBLL01$h1656
=CAT  \\$aWR14_181$c20150323$lBLL01$h1403
=CAT  \\$aW1606-1753$c20171028$lBLL01$h1604
=SRC  \\$aBLWrongdoing
=LAS  \\$aW1606-1753$b00$c20171028$lBLL01$h1604

