=LDR  01998 am a2200469 a 4500
=001  016895240
=003  Uk
=005  20140530160637.0
=006  m\\\\||\\d\|\\\\\\
=007  cr\|||||||||||
=008  140514q17461774sp\a\\\\o\\\\\000\0\spa\\
=FMT  \\$a  BK
=040  \\$aUkCU$beng$cUkCU$dUk
=245  00$aNuevo romance de las honradas valentias y nobles hazañas del valeroso guapo Miguèl Escrivá, pasmo de los valientes, rayo de sobervios, y assombro de temerarios, natural del lugar de Benihopa, junto à la ciudad de Gandìa, en el reyno de Valencia :$bimpresso este presente año : De Miguel Escrivá.
=246  30$aDe Miguel Escrivá
=260  \\$aSe hallarà en Valencia :$bEn la imprenta de Agustin Laborda, vive en calle de la Bolseria,$c[between 1746 and 1774]
=300  \\$a1 online resource
=336  \\$atext$2rdacontent
=337  \\$acomputer$2rdamedia
=338  \\$aonline resources$2rdacarrier
=500  \\$aText printed in two or three columns.
=500  \\$aIllustration incorporated within title.
=500  \\$aIn verse.
=500  \\$aCaption title.
=500  \\$aImprint from colophon.
=599  \\$aItem no. T7 in volume T.1957.$5Uk
=533  \\$aElectronic Reproduction$bLondon$cBritish Library$d2012$nItem no. T7 in volume T.1957.$5Uk
=650  \0$aBrigands and robbers.
=650  \4$aMiguel Escrivá (Fictitious character)
=650  \4$aBandoleros.
=653  \1$aMiguel Escrivá (Personaje ficticio)
=655  \7$aChapbooks$zSpain.$2rbgenr
=662  \\$aSpain$dGandía$2lcsh-naf
=700  1\$aLaborda, Agustín,$dactive 1746-1774,$eprinter.$5Uk
=752  \\$aSpain$dValencia.
=856  40$uhttp://cudl.lib.cam.ac.uk/view/PR-T-01957-00007$yCambridge Digital Library
=859  \\$aXLD$bCambridge Digital Library
=CAT  \\$aWR14_159$b00$c20141016$lBLL01$h1656
=CAT  \\$aWR14_181$c20150323$lBLL01$h1403
=CAT  \\$aW1606-1753$c20171028$lBLL01$h1604
=SRC  \\$aBLWrongdoing
=LAS  \\$aW1606-1753$b00$c20171028$lBLL01$h1604

