=LDR  01776 am a2200469 a 4500
=001  016895241
=003  Uk
=005  20140530155933.0
=006  m\\\\||\\d\|\\\\\\
=007  cr\|||||||||||
=008  140514q17461774sp\a\\\\o\\\\\000\0\spa\\
=FMT  \\$a  BK
=040  \\$aUkCU$beng$cUkCU$dUk
=245  00$aNuevos romance de los sangrientos hechos y valentias del guapo Mosen Senen, natural de Valencia :$bDe Mosen Senen.
=246  30$aDe Mosen Senen
=260  \\$aCon licencia en Valencia :$bEn la imprenta de Agustin Laborda, vive en la Bolserìa ...,$c[between 1746 and 1774]
=300  \\$a1 online resource
=336  \\$atext$2rdacontent
=337  \\$acomputer$2rdamedia
=338  \\$aonline resources$2rdacarrier
=500  \\$aText printed in two columns.
=500  \\$aIllustration incorporated within title.
=500  \\$aIn verse.
=500  \\$aCaption title.
=500  \\$aImprint from colophon.
=599  \\$aItem no. T8 in volume T.1957.$5Uk
=533  \\$aElectronic Reproduction$bLondon$cBritish Library$d2012$nItem no. T8 in volume T.1957.$5Uk
=650  \0$aMosen Senen (Fictitious character)
=650  \0$aBrigands and robbers.
=650  \4$aBandoleros.
=653  \2$aMosen Senen (Personaje ficticio)
=655  \7$aChapbooks$zSpain.$2rbgenr
=662  \\$aSpain$dValencia$2lcsh-naf
=700  1\$aLaborda, Agustín,$dactive 1746-1774,$eprinter.$5Uk
=752  \\$aSpain$dValencia.
=856  40$uhttp://cudl.lib.cam.ac.uk/view/PR-T-01957-00008$yCambridge Digital Library
=859  \\$aXLD$bCambridge Digital Library
=CAT  \\$aWR14_159$b00$c20141016$lBLL01$h1656
=CAT  \\$aWR14_181$c20150323$lBLL01$h1403
=CAT  \\$aW1606-1753$c20171028$lBLL01$h1604
=SRC  \\$aBLWrongdoing
=LAS  \\$aW1606-1753$b00$c20171028$lBLL01$h1604

