=LDR  02145 am a2200445 a 4500
=001  016895242
=003  Uk
=005  20140514150820.0
=006  m\\\\||\\d\|\\\\\\
=007  cr\|||||||||||
=008  140514q17991850sp\a\\\\o\\\\\000\0\spa\\
=FMT  \\$a  BK
=040  \\$aUkCU$beng$cUkCU$dUk
=245  00$aRelacion de la vida, hechos y hazañas honradas del valiente Matheo Benet Vicente, natural de Benimaclet, lugar en la huerta de Valencia :$bDeclaranse los encuentros y arrojos temerarios que tuvo por vengarse de sus contrarios, dando la muerte à muchos de ellos, y las diligencias para prenderle en muchas partes y no lograron la prision : refierese como el Rey nuestro señor, por sus terminos honrardos, le embiò con sus camaradas à Napoles à un castillo, para que le sirviessen dos años y medio, con que han servido el tiempo referido, por donde oy se vèn perdonados y libres : De Matheo Benet Vicente.
=246  30$aDe Matheo Benet Vicente
=260  \\$a[S.l. :$bs.n.,$cbetween 1799 and 1850?]
=300  \\$a1 online resource
=336  \\$atext$2rdacontent
=337  \\$acomputer$2rdamedia
=338  \\$aonline resources$2rdacarrier
=500  \\$aText printed in two columns.
=500  \\$aTwo separate illustrations incorporated within title.
=500  \\$aIn verse.
=500  \\$aCaption title.
=500  \\$aImprint from colophon.
=599  \\$aItem no. T9 in volume T.1957.$5Uk
=533  \\$aElectronic Reproduction$bLondon$cBritish Library$d2012$nItem no. T9 in volume T.1957.$5Uk
=650  \0$aBrigands and robbers.
=650  \4$aBandoleros.
=650  \4$aMatheo Benet Vicente (Fictitious character)
=653  \1$aMatheo Benet Vicente (Personaje ficticio)
=655  \7$aChapbooks$zSpain.$2rbgenr
=662  \\$aSpain$dValencia$2lcsh-naf
=856  40$uhttp://cudl.lib.cam.ac.uk/view/PR-T-01957-00009$yCambridge Digital Library
=859  \\$aXLD$bCambridge Digital Library
=CAT  \\$aWR14_159$b00$c20141016$lBLL01$h1656
=CAT  \\$aWR14_181$c20150323$lBLL01$h1403
=CAT  \\$aW1606-1753$c20171028$lBLL01$h1604
=SRC  \\$aBLWrongdoing
=LAS  \\$aW1606-1753$b00$c20171028$lBLL01$h1604

