=LDR  02023 am a2200469 a 4500
=001  016895244
=003  Uk
=005  20140530160800.0
=006  m\\\\||\\d\|\\\\\\
=007  cr\|||||||||||
=008  140514q17461774sp\a\\\\o\\\\\000\0\spa\\
=FMT  \\$a  BK
=040  \\$aUkCU$beng$cUkCU$dUk
=245  00$aMartin Alonso :$bNuevo y curioso romance en que se refieren los hechos y arrogancias valerosas de el alentado Martin Alonso, natural del castillo de la Alcalahorra, en el reyno de Granada y de otros compañeros suyos, y el desastrado fin que tuvieron sus temerarios empeños.
=246  30$aNuevo y curioso romance en que se refieren los hechos y arrogancias valerosas de el alentado Martin Alonso
=260  \\$aSe hallarà en Valencia :$bEn la imprenta de Agustin Laborda, vive en la Bolserìa,$c[between 1746 and 1774]
=300  \\$a1 online resource
=336  \\$atext$2rdacontent
=337  \\$acomputer$2rdamedia
=338  \\$aonline resources$2rdacarrier
=500  \\$aText printed in two columns.
=500  \\$aIllustration at head of title.
=500  \\$aIn verse.
=500  \\$aCaption title.
=500  \\$aImprint from colophon.
=599  \\$aItem no. T11 in volume T.1957.$5Uk
=533  \\$aElectronic Reproduction$bLondon$cBritish Library$d2012$nItem no. T11 in volume T.1957.$5Uk
=650  \4$aMartin Alonso (Fictitious character)
=650  \0$aBrigands and robbers.
=650  \4$aBandoleros.
=653  \1$aMartin Alonso (Personaje ficticio)
=655  \7$aChapbooks$zSpain.$2rbgenr
=662  \\$aSpain$dGranada$2lcsh-naf
=700  1\$aLaborda, Agustín,$dactive 1746-1774,$eprinter.$5Uk
=752  \\$aSpain$dValencia.
=856  40$uhttp://cudl.lib.cam.ac.uk/view/PR-T-01957-00011$yCambridge Digital Library
=859  \\$aXLD$bCambridge Digital Library
=CAT  \\$aWR14_159$b00$c20141016$lBLL01$h1656
=CAT  \\$aWR14_181$c20150323$lBLL01$h1403
=CAT  \\$aW1606-1753$c20171028$lBLL01$h1604
=SRC  \\$aBLWrongdoing
=LAS  \\$aW1606-1753$b00$c20171028$lBLL01$h1604

