=LDR  02253 am a2200481 i 4500
=001  016895246
=003  Uk
=005  20140530172727.0
=006  m\\\\||\\d\|\\\\\\
=007  cr\|||||||||||
=008  140514s1761\\\\sp\a\\\\o\\\\\000\0\spa\\
=FMT  \\$a  BK
=040  \\$aUkCU$beng$cUkCU$dUk
=043  \\$ae-sp---
=245  00$aNuevo y curioso romance donde se da cuenta de la vida, prision y muerte de siete hermanos vandoleros y en que se refieren las grandes crueldades, insultos, muertes y robos que hizo Andrès Vazquez y sus hermanos como lo verà el curioso letor :$blos nombres de cada uno son Manuel, Juan, Francisco, Pedro, Geronymo y Antonio Vazquez, castigados en Ciudad Real : sucediò en este presente año : De Andrès Vazquez y sus hermanos.
=246  30$aDe Andrès Vazquez y sus hermanos
=260  \\$aCon licencia en Madrid :$bEn la imprenta de Francisco Xavier Garcia, se hallarà en la Lonja de papel de Andrès de Sotos, mas abaxo de la Porteria de San Martin,$caño 1761.
=300  \\$a1 online resource
=336  \\$atext$2rdacontent
=337  \\$acomputer$2rdamedia
=338  \\$aonline resources$2rdacarrier
=500  \\$aText printed in two columns.
=500  \\$aIllustration at head of title.
=500  \\$aIn verse.
=500  \\$aCaption title.
=599  \\$aItem no. T13 in volume T.1957.$5Uk
=533  \\$aElectronic Reproduction$bLondon$cBritish Library$d2012$nItem no. T13 in volume T.1957.$5Uk
=650  \0$aBrigands and robbers$zSpain$zCiudad Real.
=650  \0$aViolent crimes.
=650  \4$aBandoleros$zEspaña$zCiudad Real.
=650  \4$aDelitos violentos.
=655  \7$aChapbooks$zSpain.$2rbgenr
=662  \\$aSpain$dCiudad Real$2lcsh-naf
=700  1\$aGarcia, Francisco Xavier,$d1753-approximately 1781,$eprinter.$5Uk
=700  1\$aSotos, Andrés de,$dactive 1764-1792,$ebookseller.$5Uk
=752  \\$aSpain$dMadrid.
=856  40$uhttp://cudl.lib.cam.ac.uk/view/PR-T-01957-00013$yCambridge Digital Library
=859  \\$aXLD$bCambridge Digital Library
=CAT  \\$aWR14_159$b00$c20141016$lBLL01$h1656
=CAT  \\$aWR14_181$c20150323$lBLL01$h1403
=CAT  \\$aW1606-1753$c20171028$lBLL01$h1604
=SRC  \\$aBLWrongdoing
=LAS  \\$aW1606-1753$b00$c20171028$lBLL01$h1604

