=LDR  02465 am a2200553 a 4500
=001  016895249
=003  Uk
=005  20140530160931.0
=006  m\\\\||\\d\|\\\\\\
=007  cr\|||||||||||
=008  140514q17461774sp\a\\\\o\\\\\000\0\spa\\
=FMT  \\$a  BK
=040  \\$aUkCU$beng$cUkCU$dUk
=245  00$aDe Juan de Vera :$bNueva relacion y curioso romance en que se declara y dà cuenta de los atrozes delitos, muertes, robos y crueldades de Juan de Vera, natural de la ciudad de Baza y capitan de cinquenta vandoleros : refierense treinta y seis muertes que hizo, siendo las primeras la de su padre y madre y la crueldad que obrò con una hermana suya, y el castigo riguroso que en èl se executò en la ciudad de Tafalla, reyno de Navarra, este presente año.
=246  30$aNueva relacion y curioso romance en que se declara y dà cuenta de los atrozes delitos, muertes, robos y crueldades de Juan de Vera
=260  \\$aCon licencia en Valencia :$bEn la imprenta de Agustin Laborda, vive en la Bolserìa,$c[between 1746 and 1774]
=300  \\$a1 online resource
=336  \\$atext$2rdacontent
=337  \\$acomputer$2rdamedia
=338  \\$aonline resources$2rdacarrier
=500  \\$aText printed in two columns.
=500  \\$aThree separate illustrations at head of title.
=500  \\$aIn verse.
=500  \\$aCaption title.
=500  \\$aImprint from colophon.
=599  \\$aItem no. T16 in volume T.1957.$5Uk
=533  \\$aElectronic Reproduction$bLondon$cBritish Library$d2012$nItem no. T16 in volume T.1957.$5Uk
=650  \4$aJuan de Vera (Fictitious character)
=650  \0$aBrigands and robbers.
=650  \0$aViolent crimes.
=650  \0$aParricide.
=650  \0$aFratricide.
=650  \4$aBandoleros.
=650  \4$aDelitos violentos.
=650  \4$aParricidio.
=650  \4$aFratricidio.
=653  \1$aJuan de Vera (Personaje ficticio)
=655  \7$aChapbooks$zSpain.$2rbgenr
=662  \\$aSpain$dBaza$2lcsh-naf
=662  \\$aSpain$dTafalla$2lcsh-naf
=700  1\$aLaborda, Agustín,$dactive 1746-1774,$eprinter.$5Uk
=752  \\$aSpain$dValencia.
=856  40$uhttp://cudl.lib.cam.ac.uk/view/PR-T-01957-00016$yCambridge Digital Library
=859  \\$aXLD$bCambridge Digital Library
=CAT  \\$aWR14_159$b00$c20141016$lBLL01$h1656
=CAT  \\$aWR14_181$c20150323$lBLL01$h1403
=CAT  \\$aW1606-1753$c20171028$lBLL01$h1604
=SRC  \\$aBLWrongdoing
=LAS  \\$aW1606-1753$b00$c20171028$lBLL01$h1604

