=LDR  01738 am a2200433 a 4500
=001  016895251
=003  Uk
=005  20140514170555.0
=006  m\\\\||\\d\|\\\\\\
=007  cr\|||||||||||
=008  140514q17991850sp\a\\\\o\\\\\000\0\spa\\
=FMT  \\$a  BK
=040  \\$aUkCU$beng$cUkCU$dUk
=245  00$aJuan de Robles :$bVerdadera relacion y curioso romance en que se refieren los espantables hechos y assombrosas hazañas de el muy valeroso y fuerte Juan de Robles.
=246  30$aVerdadera relacion y curioso romance en que se refieren los espantables hechos y assombrosas hazañas de el muy valeroso y fuerte Juan de Robles
=260  \\$a[S.l. :$bs.n.,$cbetween 1799 and 1850?]
=300  \\$a1 online resource
=336  \\$atext$2rdacontent
=337  \\$acomputer$2rdamedia
=338  \\$aonline resources$2rdacarrier
=500  \\$aText printed in two columns.
=500  \\$aIllustration at head of title.
=500  \\$aIn verse.
=500  \\$aCaption title.
=500  \\$aImprint from colophon.
=599  \\$aItem no. T18 in volume T.1957.$5Uk
=533  \\$aElectronic Reproduction$bLondon$cBritish Library$d2012$nItem no. T18 in volume T.1957.$5Uk
=650  \4$aJuan de Robles (Fictitious charachter)
=650  \0$aBrigands and robbers.
=650  \4$aBandoleros.
=653  \1$aJuan de Robles (Personaje ficticio)
=655  \7$aChapbooks$zSpain.$2rbgenr
=856  40$uhttp://cudl.lib.cam.ac.uk/view/PR-T-01957-00018$yCambridge Digital Library
=859  \\$aXLD$bCambridge Digital Library
=CAT  \\$aWR14_159$b00$c20141016$lBLL01$h1656
=CAT  \\$aWR14_181$c20150323$lBLL01$h1403
=CAT  \\$aW1606-1753$c20171028$lBLL01$h1604
=SRC  \\$aBLWrongdoing
=LAS  \\$aW1606-1753$b00$c20171028$lBLL01$h1604

