=LDR  01883 am a2200481 a 4500
=001  016895254
=003  Uk
=005  20140514172329.0
=006  m\\\\||\\d\|\\\\\\
=007  cr\|||||||||||
=008  140514q17991850sp\a\\\\o\\\\\000\0\spa\\
=FMT  \\$a  BK
=040  \\$aUkCU$beng$cUkCU$dUk
=245  00$aVerdadero y curioso romance que declara la mayor atrocidad que executò una doncella con su padre por averle estorvado el casarse con quien queria y como le diò la muerte ayudada de su amante y como su amante hizo con ella lo mismo :$bdase cuenta del exemplar castigo que hicieron con èl : De Ines Marcela.
=246  30$aDe Ines Marcela
=260  \\$a[S.l. :$bs.n.,$cbetween 1799 and 1850?]
=300  \\$a1 online resource
=336  \\$atext$2rdacontent
=337  \\$acomputer$2rdamedia
=338  \\$aonline resources$2rdacarrier
=500  \\$aText printed in two columns.
=500  \\$aIllustration incorporated within title.
=500  \\$aIn verse.
=500  \\$aCaption title.
=500  \\$aImprint from colophon.
=599  \\$aItem no. T21 in volume T.1957.$5Uk
=533  \\$aElectronic Reproduction$bLondon$cBritish Library$d2012$nItem no. T21 in volume T.1957.$5Uk
=650  \4$aInes Marcela (Fictitious character)
=650  \0$aParricide.
=650  \0$aAtrocities.
=650  \4$aParricidio.
=650  \4$aAtrocidades.
=653  \1$aInes Marcela (Personaje ficticio)
=655  \7$aChapbooks$zSpain.$2rbgenr
=662  \\$aSpain$dValladolid$2lcsh-naf
=752  \\$aSpain$dBarcelona.
=856  40$uhttp://cudl.lib.cam.ac.uk/view/PR-T-01957-00021$yCambridge Digital Library
=859  \\$aXLD$bCambridge Digital Library
=CAT  \\$aWR14_159$b00$c20141016$lBLL01$h1656
=CAT  \\$aWR14_181$c20150323$lBLL01$h1403
=CAT  \\$aW1606-1753$c20171028$lBLL01$h1604
=SRC  \\$aBLWrongdoing
=LAS  \\$aW1606-1753$b00$c20171028$lBLL01$h1604

