=LDR  01941 am a2200481 a 4500
=001  016895257
=003  Uk
=005  20140530152638.0
=006  m\\\\||\\d\|\\\\\\
=007  cr\|||||||||||
=008  140516q17461774sp\a\\\\o\\\\\000\0\spa\\
=FMT  \\$a  BK
=040  \\$aUkCU$beng$cUkCU$dUk
=245  00$aAve Maria :$bRelacion verdadera que contiene el triunfo de el Ave Maria y batalla que tuvo Garcilaso en la Vega de Granada con el moro Tarfe, y lo demàs que verà el curioso lector.
=260  \\$aSe hallarà en Valencia :$bEn la imprenta de Agustin Laborda, vive en la Bolserìa,$c[between 1746 and 1774]
=300  \\$a1 online resource
=336  \\$atext$2rdacontent
=337  \\$acomputer$2rdamedia
=338  \\$aonline resources$2rdacarrier
=500  \\$aText printed in two columns.
=500  \\$aIllustration at head of title.
=500  \\$aIn verse.
=500  \\$aCaption title.
=500  \\$aImprint from colophon.
=599  \\$aItem no. T24 in volume T.1957.$5Uk
=533  \\$aElectronic Reproduction$bLondon$cBritish Library$d2012$nItem no. T24 in volume T.1957.$5Uk
=600  10$aPérez del Pulgar, Hernán,$d1451-1531.
=600  00$aMary,$cBlessed Virgin, Saint$xDevotion to.
=650  \4$aGarcilaso de la Vega (Fictitious character)
=600  04$aVirgen María$xDevoción a.
=653  \0$aMoros.
=653  \1$aGarcilaso de la Vega (Personaje ficticio)
=655  \7$aChapbooks$zSpain.$2rbgenr
=662  \\$aSpain$dGranada$2lcsh-naf
=700  1\$aLaborda, Agustín,$dactive 1746-1774,$eprinter.$5Uk
=752  \\$aSpain$dValencia.
=856  40$uhttp://cudl.lib.cam.ac.uk/view/PR-T-01957-00024$yCambridge Digital Library
=859  \\$aXLD$bCambridge Digital Library
=CAT  \\$aWR14_159$b00$c20141016$lBLL01$h1656
=CAT  \\$aWR14_181$c20150323$lBLL01$h1403
=CAT  \\$aW1606-1753$c20171028$lBLL01$h1604
=SRC  \\$aBLWrongdoing
=LAS  \\$aW1606-1753$b00$c20171028$lBLL01$h1604

