=LDR  02344 am a2200517 a 4500
=001  016895258
=003  Uk
=005  20140530155916.0
=006  m\\\\||\\d\|\\\\\\
=007  cr\|||||||||||
=008  140516q17461774sp\a\\\\o\\\\\000\0\spa\\
=FMT  \\$a  BK
=040  \\$aUkCU$beng$cUkCU$dUk
=245  00$aRomance historico y verdadero de la feliz victoria que tuvo el principe transilvano :$bdàse cuenta de la carta que le escriviò el gran turco y de otra con que el dicho le respondiò, poniendole sitio à su corte con treinta y seis mil turcos : y como por la intercession de Nra. Sra. de el Rosario fuè vencido el turco milagrosamente, como lo verà el curioso lector.
=260  \\$aSe hallarà en Valencia :$bEn la imprenta de Agustin Laborda, vive en la Bolserìa ...,$c[between 1746 and 1774]
=300  \\$a1 online resource
=336  \\$atext$2rdacontent
=337  \\$acomputer$2rdamedia
=338  \\$aonline resources$2rdacarrier
=500  \\$aText printed in two columns.
=500  \\$aIllustration at head of title.
=500  \\$aIn verse.
=500  \\$aCaption title.
=500  \\$aImprint from colophon.
=500  \\$aIn two parts.
=599  \\$aItem no. T25 in volume T.1957.$5Uk
=533  \\$aElectronic Reproduction$bLondon$cBritish Library$d2012$nItem no. T25 in volume T.1957.$5Uk
=600  00$aBáthory Zsigmond,$cPrince of Transylvania,$d1572-1613.
=650  \0$aChristianity and other religions$xIslam.
=650  \0$aIslam$xRelations$xChristianity.
=650  \4$aCristianismo y otras religiones$xIslamismo.
=650  \4$aIslamismo$xRelaciones$xCristianismo.
=653  \1$aSegismundo Báthory, príncipe de Transilvania, 1572-1613.
=655  \7$aChapbooks$zSpain.$2rbgenr
=700  1\$aLaborda, Agustín,$dactive 1746-1774,$eprinter.$5Uk
=752  \\$aSpain$dValencia.
=856  40$uhttp://cudl.lib.cam.ac.uk/view/PR-T-01957-00025$yCambridge Digital Library
=859  \\$aXLD$bCambridge Digital Library
=CAT  \\$aWR14_159$b00$c20141016$lBLL01$h1656
=CAT  \\$a9477$b40$c20141211$lBLL01$h1610
=CAT  \\$aBATCH-UPD$b40$c20141211$lBLL01$h1610
=CAT  \\$aWR14_181$c20150323$lBLL01$h1403
=CAT  \\$aBATCH-UPD$b00$c20170507$lBLL01$h2109
=CAT  \\$aW1606-1753$c20171028$lBLL01$h1604
=SRC  \\$aBLWrongdoing
=LAS  \\$aW1606-1753$b00$c20171028$lBLL01$h1604

