=LDR  01865 am a2200469 a 4500
=001  016895260
=003  Uk
=005  20140516145430.0
=006  m\\\\||\\d\|\\\\\\
=007  cr\|||||||||||
=008  140516q17991850sp\a\\\\o\\\\\000\0\spa\\
=FMT  \\$a  BK
=040  \\$aUkCU$beng$cUkCU$dUk
=245  00$aNuevo romance en que se da cuenta de los hechos, muertes, robos y atrocidades del Pelado, llamado Manuel Millàn, natural de Ibides en el reyno de Aragon :$bdàse cuenta de ciento y veinte muertes que hizo, y el exemplar castigo que se mandò hacer el año passado en su persona, despues de aver estado en tres horcas : Del Pelado de Aragon.
=246  30$aDel Pelado de Aragon
=260  \\$a[S.l. :$bs.n.,$cbetween 1799 and 1850?]
=300  \\$a1 online resource
=336  \\$atext$2rdacontent
=337  \\$acomputer$2rdamedia
=338  \\$aonline resources$2rdacarrier
=500  \\$aText printed in two columns.
=500  \\$aIn verse.
=500  \\$aIllustration incorporated within title.
=500  \\$aCaption title.
=599  \\$aItem no. T27 in volume T.1957.$5Uk
=533  \\$aElectronic Reproduction$bLondon$cBritish Library$d2012$nItem no. T27 in volume T.1957.$5Uk
=650  \0$aManuel Millan (Fictitious character)
=650  \0$aBrigands and robbers.
=650  \0$aMurderers.
=650  \0$aPunishment.
=650  \4$aBandoleros.
=650  \4$aAsesinos.
=650  \4$aPenas.
=653  \1$aManuel Millan (Personaje ficticio)
=655  \7$aChapbooks$zSpain.$2rbgenr
=856  40$uhttp://cudl.lib.cam.ac.uk/view/PR-T-01957-00027$yCambridge Digital Library
=859  \\$aXLD$bCambridge Digital Library
=CAT  \\$aWR14_159$b00$c20141016$lBLL01$h1656
=CAT  \\$aWR14_181$c20150323$lBLL01$h1403
=CAT  \\$aW1606-1753$c20171028$lBLL01$h1604
=SRC  \\$aBLWrongdoing
=LAS  \\$aW1606-1753$b00$c20171028$lBLL01$h1604

