=LDR  01693 am a2200433 a 4500
=001  016895262
=003  Uk
=005  20140516151237.0
=006  m\\\\||\\d\|\\\\\\
=007  cr\|||||||||||
=008  140516q17991850sp\a\\\\o\\\\\000\0\spa\\
=FMT  \\$a  BK
=040  \\$aUkCU$beng$cUkCU$dUk
=245  03$aEl fin de los guapos de Andalucia :$bCurioso romance en que se refieren las infelices muertes y desastrado fin que han tenido, como verà el curioso.
=246  30$aCurioso romance en que se refieren las infelices muertes y desastrado fin que han tenido
=260  \\$a[S.l. :$bs.n.,$cbetween 1799 and 1850?]
=300  \\$a1 online resource
=336  \\$atext$2rdacontent
=337  \\$acomputer$2rdamedia
=338  \\$aonline resources$2rdacarrier
=500  \\$aText printed in two columns.
=500  \\$aThree separate illustrations at head of title.
=500  \\$aIn verse.
=500  \\$aCaption title.
=500  \\$aImprint from colophon.
=599  \\$aItem no. T29 in volume T.1957.$5Uk
=533  \\$aElectronic Reproduction$bLondon$cBritish Library$d2012$nItem no. T29 in volume T.1957.$5Uk
=650  \0$aBrigands and robbers$zSpain$zAndalusia.
=650  \4$aBandoleros$zEspaña$zAndalucía.
=655  \7$aChapbooks$zSpain.$2rbgenr
=662  \\$aSpain$dAndalusia$2lcsh-naf
=752  \\$aSpain$dValencia.
=856  40$uhttp://cudl.lib.cam.ac.uk/view/PR-T-01957-00029$yCambridge Digital Library
=859  \\$aXLD$bCambridge Digital Library
=CAT  \\$aWR14_159$b00$c20141016$lBLL01$h1656
=CAT  \\$aWR14_181$c20150323$lBLL01$h1403
=CAT  \\$aW1606-1753$c20171028$lBLL01$h1604
=SRC  \\$aBLWrongdoing
=LAS  \\$aW1606-1753$b00$c20171028$lBLL01$h1604

