=LDR  01780 am a2200457 a 4500
=001  016895264
=003  Uk
=005  20140516152533.0
=006  m\\\\||\\d\|\\\\\\
=007  cr\|||||||||||
=008  140516q17991850sp\a\\\\o\\\\\000\0\spa\\
=FMT  \\$a  BK
=040  \\$aUkCU$beng$cUkCU$dUk
=245  00$aVerdadera relacion y curioso romance que declara la vida y atrocidades de una valiente muger llamada Fenix :$bla qual diò cruel muerte al mismo que matò à su amante y despues se hizo capitan de vandoleros : dàse cuenta del dichoso fin que tuvo, con lo demàs que verà el curioso, en este presente año : De Fenix.
=246  30$aDe Fenix
=260  \\$a[S.l. :$bs.n.,$cbetween 1799 and 1850?]
=300  \\$a1 online resource
=336  \\$atext$2rdacontent
=337  \\$acomputer$2rdamedia
=338  \\$aonline resources$2rdacarrier
=500  \\$aText printed in two columns.
=500  \\$aTwo separate illustrations below title.
=500  \\$aIn verse.
=500  \\$aCaption title.
=500  \\$aImprint from colophon.
=599  \\$aItem no. T31 in volume T.1957.$5Uk
=533  \\$aElectronic Reproduction$bLondon$cBritish Library$d2012$nItem no. T31 in volume T.1957.$5Uk
=650  \0$aWomen murderers.
=650  \0$aAtrocities.
=650  \0$aBrigands and robbers.
=650  \4$aAsesinas.
=650  \4$aAtrocidades.
=650  \4$aBandoleros.
=655  \7$aChapbooks$zSpain.$2rbgenr
=856  40$uhttp://cudl.lib.cam.ac.uk/view/PR-T-01957-00031$yCambridge Digital Library
=859  \\$aXLD$bCambridge Digital Library
=CAT  \\$aWR14_159$b00$c20141016$lBLL01$h1656
=CAT  \\$aWR14_181$c20150323$lBLL01$h1403
=CAT  \\$aW1606-1753$c20171028$lBLL01$h1604
=SRC  \\$aBLWrongdoing
=LAS  \\$aW1606-1753$b00$c20171028$lBLL01$h1604

