=LDR  02443 am a2200577 a 4500
=001  016895265
=003  Uk
=005  20140530172912.0
=006  m\\\\||\\d\|\\\\\\
=007  cr\|||||||||||
=008  140516q17531781sp\a\\\\o\\\\\000\0\spa\\
=FMT  \\$a  BK
=040  \\$aUkCU$beng$cUkCU$dUk
=245  00$aNueva relacion y curioso romance, en que se declaran las muertes que hizo una hermosa doncella, llamada Doña Lucrecia de Nieves por rescatar su honra y còmo anduvo perdida quatro años por buscar à su amante :$bse declara por exemplo de todas las mugeres que estiman su honra : sucediò à 18 de agosto del año passado.
=260  \\$aCon licencia en Madrid :$bEn la imprenta de Francisco Xavier García, se hallarà en casa de Andrès de Sotos, mas abaxo de la Porterìa de San Martin,$c[between 1753 and 1781?]
=300  \\$a1 online resource
=336  \\$atext$2rdacontent
=337  \\$acomputer$2rdamedia
=338  \\$aonline resources$2rdacarrier
=500  \\$aText printed in two columns.
=500  \\$aIllustration at head of title.
=500  \\$aIn verse.
=500  \\$aCaption title.
=500  \\$aImprint from colophon.
=599  \\$aItem no. T32 in volume T.1957.$5Uk
=533  \\$aElectronic Reproduction$bLondon$cBritish Library$d2012$nItem no. T32 in volume T.1957.$5Uk
=650  \0$aWomen murderers.
=650  \0$aHonor.
=650  \0$aMistaken identity.
=650  \4$aLucrecia de Nieves (Fictitious character)
=650  \4$aAsesinas.
=650  \4$aHonor.
=650  \4$aConventos.
=653  \0$aFalsificación de identidad.
=653  \1$aLucrecia de Nieves (Personaje ficticio)
=655  \7$aChapbooks$zSpain.$2rbgenr
=662  \\$aSpain$dSantander$2lcsh-naf
=662  \\$aSpain$dSan Sebastián$2lcsh-naf
=662  \\$aSpain$dLeón$2lcsh-naf
=662  \\$aSpain$dBarcelona$2lcsh-naf
=662  \\$aSpain$dLa Coruña$2lcsh-naf
=700  1\$aGarcia, Francisco Xavier,$d1753-approximately 1781,$eprinter.$5Uk
=700  1\$aSotos, Andrés de,$dactive 1764-1792,$ebookseller.$5Uk
=752  \\$aSpain$dMadrid.
=856  40$uhttp://cudl.lib.cam.ac.uk/view/PR-T-01957-00032$yCambridge Digital Library
=859  \\$aXLD$bCambridge Digital Library
=CAT  \\$aWR14_159$b00$c20141016$lBLL01$h1656
=CAT  \\$aWR14_181$c20150323$lBLL01$h1403
=CAT  \\$aW1606-1753$c20171028$lBLL01$h1604
=SRC  \\$aBLWrongdoing
=LAS  \\$aW1606-1753$b00$c20171028$lBLL01$h1604

