=LDR  02124 am a2200469 a 4500
=001  016895266
=003  Uk
=005  20140531100819.0
=006  m\\\\||\\d\|\\\\\\
=007  cr\|||||||||||
=008  140516q17641792sp\\\\\\o\\\\\000\0\spa\\
=FMT  \\$a  BK
=040  \\$aUkCU$beng$cUkCU$dUk
=245  00$aDe Doña Lidora :$bNueva relacion y curioso romance en que se declara por muy estenso los amores, cautiverio y rescate de una principal señora, llamada Doña Lidora, y de un cavallero, natural de la Ciudad de Jaèn : y lo demàs que verà el curioso lector : sucedió este presente año.
=246  30$aNueva relacion y curioso romance en que se declara por muy estenso los amores, cautiverio y rescate de una principal señora
=260  \\$a[Madrid] :$bSe hallarà en la Lonja de papel de Andrès de Sotos, junto à San Martin,$c[between 1764 and 1792]
=300  \\$a1 online resource
=336  \\$atext$2rdacontent
=337  \\$acomputer$2rdamedia
=338  \\$aonline resources$2rdacarrier
=500  \\$aText printed in two columns.
=500  \\$aTwo separate illustrations at head of title.
=500  \\$aIn verse.
=500  \\$aCaption title.
=500  \\$aImprint from colophon.
=599  \\$aItem no. T33 in volume T.1957.$5Uk
=533  \\$aElectronic Reproduction$bLondon$cBritish Library$d2012$nItem no. T33 in volume T.1957.$5Uk
=650  \0$aChristianity and other religions$xIslam.
=650  \0$aIslam$xRelations$xChristianity.
=650  \4$aCristianismo y otras religiones$xIslamismo.
=650  \4$aIslamismo$xRelaciones$xCristianismo.
=655  \7$aChapbooks$zSpain.$2rbgenr
=662  \\$aSpain$dJaén$2lcsh-naf
=700  1\$aSotos, Andrés de,$dactive 1764-1792,$eprinter.$5Uk
=752  \\$aSpain$dMadrid.
=856  40$uhttp://cudl.lib.cam.ac.uk/view/PR-T-01957-00033$yCambridge Digital Library
=859  \\$aXLD$bCambridge Digital Library
=CAT  \\$aWR14_159$b00$c20141016$lBLL01$h1656
=CAT  \\$aWR14_181$c20150323$lBLL01$h1403
=CAT  \\$aW1606-1753$c20171028$lBLL01$h1604
=SRC  \\$aBLWrongdoing
=LAS  \\$aW1606-1753$b00$c20171028$lBLL01$h1604

