=LDR  02158 am a2200469 a 4500
=001  016895267
=003  Uk
=005  20140530160658.0
=006  m\\\\||\\d\|\\\\\\
=007  cr\|||||||||||
=008  140516q17461774sp\a\\\\o\\\\\000\0\spa\\
=FMT  \\$a  BK
=040  \\$aUkCU$beng$cUkCU$dUk
=245  00$aNueva relacion y curioso romance que contiene y declara como yendo à caza un cavallero hallò en lo retirado del monte à una principal señora, llamada Doña Leonarda, la qual le contò como un falso amante, llamado Don Diego de Salazar, la avia sacado de su casa, à titulo de casarse con ella :$by de como quiso dexarla burlada, à quien la señora le diò muerte, y à otro compañero y de como fuè traida por este cavallero, el qual la metiò religiosa : y demàs circunstancias que verà el curioso y discreto letor.
=260  \\$aSe hallarà en Valencia :$bEn la imprenta de Agustin Laborda, vive en la Bolserìa,$c[between 1746 and 1774]
=300  \\$a1 online resource
=336  \\$atext$2rdacontent
=337  \\$acomputer$2rdamedia
=338  \\$aonline resources$2rdacarrier
=500  \\$aText printed in two columns.
=500  \\$aTwo separate illustrations at head of title.
=500  \\$aIn verse.
=500  \\$aCaption title.
=500  \\$aImprint from colophon.
=599  \\$aItem no. T34 in volume T.1957.$5Uk
=533  \\$aElectronic Reproduction$bLondon$cBritish Library$d2012$nItem no. T34 in volume T.1957.$5Uk
=650  \0$aMan-woman relationships.
=650  \0$aWomen murderers.
=650  \0$aRevenge.
=650  \4$aRelaciones hombre-mujer.
=650  \4$aAsesinas.
=650  \4$aVenganza.
=655  \7$aChapbooks$zSpain.$2rbgenr
=700  1\$aLaborda, Agustín,$dactive 1746-1774,$eprinter.$5Uk
=752  \\$aSpain$dValencia.
=856  40$uhttp://cudl.lib.cam.ac.uk/view/PR-T-01957-00034$yCambridge Digital Library
=859  \\$aXLD$bCambridge Digital Library
=CAT  \\$aWR14_159$b00$c20141016$lBLL01$h1656
=CAT  \\$aWR14_181$c20150323$lBLL01$h1403
=CAT  \\$aW1606-1753$c20171028$lBLL01$h1604
=SRC  \\$aBLWrongdoing
=LAS  \\$aW1606-1753$b00$c20171028$lBLL01$h1604

