=LDR  01678 am a2200433 a 4500
=001  016895269
=003  Uk
=005  20140516160910.0
=006  m\\\\||\\d\|\\\\\\
=007  cr\|||||||||||
=008  140516q17991850sp\a\\\\o\\\\\000\0\spa\d
=FMT  \\$a  BK
=040  \\$aUkCU$beng$cUkCU$dUk
=245  00$aNuevo y discreto romance en que se declaran los amores mas firmes y constantes, las valentìas y desgarros de Don Carlos de Mendoza, y de Doña Angela de Alì :$bcon todo lo demàs que verà el curioso lector.
=260  \\$a[S.l. :$bs.n.,$cbetween 1799 and 1850?]
=300  \\$a1 online resource
=336  \\$atext$2rdacontent
=337  \\$acomputer$2rdamedia
=338  \\$aonline resources$2rdacarrier
=500  \\$aText printed in two columns.
=500  \\$aIn verse.
=500  \\$aIllustration at head of title.
=500  \\$aCaption title.
=500  \\$aImprint from colophon.
=599  \\$aItem no. T36 in volume T.1957.$5Uk
=533  \\$aElectronic Reproduction$bLondon$cBritish Library$d2012$nItem no. T36 in volume T.1957.$5Uk
=650  \4$aCarlos de Mendoza (Fictitious character)
=650  \0$aCourtship.
=650  \4$aCortejo amoroso.
=653  \1$aCarlos de Mendoza (Personaje ficticio)
=653  \1$aAngela de Alí (Personaje ficticio)
=655  \7$aChapbooks$zSpain.$2rbgenr
=856  40$uhttp://cudl.lib.cam.ac.uk/view/PR-T-01957-00036$yCambridge Digital Library
=859  \\$aXLD$bCambridge Digital Library
=CAT  \\$aWR14_159$b00$c20141016$lBLL01$h1656
=CAT  \\$aWR14_181$c20150323$lBLL01$h1403
=CAT  \\$aW1606-1753$c20171028$lBLL01$h1604
=SRC  \\$aBLWrongdoing
=LAS  \\$aW1606-1753$b00$c20171028$lBLL01$h1604

