=LDR  01812 am a2200469 a 4500
=001  016895271
=003  Uk
=005  20140530160840.0
=006  m\\\\||\\d\|\\\\\\
=007  cr\|||||||||||
=008  140516q17461774sp\a\\\\o\\\\\000\0\spa\\
=FMT  \\$a  BK
=040  \\$aUkCU$beng$cUkCU$dUk
=245  00$aDon Pedro de Escobedo y Don Juan de Frias :$bdase quenta de sus hazañas y valentias : y lo demàs que verà el curioso lector.
=260  \\$aSe hallarà en Valencia :$bEn la imprenta de Agustin Laborda y Campo,$c[between 1746 and 1774]
=300  \\$a1 online resource
=336  \\$atext$2rdacontent
=337  \\$acomputer$2rdamedia
=338  \\$aonline resources$2rdacarrier
=500  \\$aText printed in two columns.
=500  \\$aThree separate illustrations at head of title.
=500  \\$aIn verse.
=500  \\$aCaption title.
=500  \\$aImprint from colophon.
=599  \\$aItem no. T38 in volume T.1957.$5Uk
=533  \\$aElectronic Reproduction$bLondon$cBritish Library$d2012$nItem no. T38 in volume T.1957.$5Uk
=650  \0$aMurderers.
=650  \4$aPedro de Escobedo (Fictitious character)
=650  \4$aJuan de Frias (Fictitious character)
=650  \4$aAsesinos.
=653  \1$aPedro de Escobedo (Personaje ficticio)
=653  \1$aJuan de Frias (Personaje ficticio)
=655  \7$aChapbooks$zSpain.$2rbgenr
=700  1\$aLaborda, Agustín,$dactive 1746-1774,$eprinter.$5Uk
=752  \\$aSpain$dValencia.
=856  40$uhttp://cudl.lib.cam.ac.uk/view/PR-T-01957-00038$yCambridge Digital Library
=859  \\$aXLD$bCambridge Digital Library
=CAT  \\$aWR14_159$b00$c20141016$lBLL01$h1656
=CAT  \\$aWR14_181$c20150323$lBLL01$h1403
=CAT  \\$aW1606-1753$c20171028$lBLL01$h1604
=SRC  \\$aBLWrongdoing
=LAS  \\$aW1606-1753$b00$c20171028$lBLL01$h1604

