=LDR  01770 am a2200445 a 4500
=001  016895272
=003  Uk
=005  20140516165229.0
=006  m\\\\||\\d\|\\\\\\
=007  cr\|||||||||||
=008  140516q17501850sp\a\\\\o\\\\\000\0\spa\\
=FMT  \\$a  BK
=040  \\$aUkCU$beng$cUkCU$dUk
=245  00$aNuevo y curioso romance en que se declara y dà cuenta de los arrojos, muertes y valentías de Don Pedro Salinas, natural de la ciudad de Jaén :$bdase cuenta de las reñidas pendencias que tuvo, con todo lo demàs, que verà el curioso lector.
=260  \\$a[S.l. :$bs.n.,$cbetween 1750 and 1850?]
=300  \\$a1 online resource
=336  \\$atext$2rdacontent
=337  \\$acomputer$2rdamedia
=338  \\$aonline resources$2rdacarrier
=500  \\$aText printed in two columns.
=500  \\$aTwo separate llustrations at head of title.
=500  \\$aIn verse.
=500  \\$aCaption title.
=599  \\$aItem no. T39 in volume T.1957.$5Uk
=533  \\$aElectronic Reproduction$bLondon$cBritish Library$d2012$nItem no. T39 in volume T.1957.$5Uk
=650  \4$aPedro Salinas (Fictitious character)
=653  \1$aPedro Salinas (Personaje ficticio)
=655  \7$aChapbooks$zSpain.$2rbgenr
=662  \\$aSpain$bJaén$2lcsh-naf
=662  \\$aSpain$bSeville$2lcsh-naf
=662  \\$aSpain$bGranada$2lcsh-naf
=662  \\$aSpain$bMálaga$2lcsh-naf
=662  \\$aSpain$bCeuta$2lcsh-naf
=856  40$uhttp://cudl.lib.cam.ac.uk/view/PR-T-01957-00039$yCambridge Digital Library
=859  \\$aXLD$bCambridge Digital Library
=CAT  \\$aWR14_159$b00$c20141016$lBLL01$h1656
=CAT  \\$aWR14_181$c20150323$lBLL01$h1403
=CAT  \\$aW1606-1753$c20171028$lBLL01$h1604
=SRC  \\$aBLWrongdoing
=LAS  \\$aW1606-1753$b00$c20171028$lBLL01$h1604

