=LDR  01494 am a2200421 a 4500
=001  016895273
=003  Uk
=005  20140516170126.0
=006  m\\\\||\\d\|\\\\\\
=007  cr\|||||||||||
=008  140516q17501850sp\a\\\\o\\\\\000\0\spa\\
=FMT  \\$a  BK
=040  \\$aUkCU$beng$cUkCU$dUk
=245  00$aDon Pedro Ildefonso :$bvalerosas hazañas y valentias de Don Pedro Ildefonso.
=260  \\$a[S.l. :$bs.n.,$cbetween 1750 and 1850?]
=300  \\$a1 online resource
=336  \\$atext$2rdacontent
=337  \\$acomputer$2rdamedia
=338  \\$aonline resources$2rdacarrier
=500  \\$aText printed in two columns.
=500  \\$aThree separate illustrations at head of title.
=500  \\$aIn verse.
=500  \\$aCaption title.
=500  \\$aImprint from colophon.
=599  \\$aItem no. T40 in volume T.1957.$5Uk
=533  \\$aElectronic Reproduction$bLondon$cBritish Library$d2012$nItem no. T40 in volume T.1957.$5Uk
=650  \0$aPedro Ildefonso (Fictitious character)
=650  \0$aCourage.
=650  \4$aValentía.
=653  \1$aPedro Ildefonso (Personaje ficticio)
=655  \7$aChapbooks$zSpain.$2rbgenr
=856  40$uhttp://cudl.lib.cam.ac.uk/view/PR-T-01957-00040$yCambridge Digital Library
=859  \\$aXLD$bCambridge Digital Library
=CAT  \\$aWR14_159$b00$c20141016$lBLL01$h1656
=CAT  \\$aWR14_181$c20150323$lBLL01$h1403
=CAT  \\$aW1606-1753$c20171028$lBLL01$h1604
=SRC  \\$aBLWrongdoing
=LAS  \\$aW1606-1753$b00$c20171028$lBLL01$h1604

