=LDR  01679 am a2200445 a 4500
=001  016895276
=003  Uk
=005  20140516171817.0
=006  m\\\\||\\d\|\\\\\\
=007  cr\|||||||||||
=008  140516q17501850sp\a\\\\o\\\\\000\0\spa\\
=FMT  \\$a  BK
=040  \\$aUkCU$beng$cUkCU$dUk
=245  00$aNueva relacion y curioso romance en que se declaran las honradas travesuras y nobles hazañas del valiente D. Pedro de Peñalver, natural de Medinasidonia :$bDe Don Pedro de Peñalver.
=246  30$aDe Don Pedro de Peñalver
=260  \\$a[S.l. :$bs.n.,$cbetwen 1750 and 1850?]
=300  \\$a1 online resource
=336  \\$atext$2rdacontent
=337  \\$acomputer$2rdamedia
=338  \\$aonline resources$2rdacarrier
=500  \\$aText printed in two columns.
=500  \\$aIllustration incorporated within title.
=500  \\$aIn verse.
=500  \\$aCaption title.
=500  \\$aImprint from colophon.
=599  \\$aItem no. T43 in volume T.1957.$5Uk
=533  \\$aElectronic Reproduction$bLondon$cBritish Library$d2012$nItem no. T43 in volume T.1957.$5Uk
=650  \0$aPedro de Peñalver (Fictitious character)
=650  \0$aCourage.
=650  \4$aValentía.
=650  \4$aPedro de Peñalver (Personaje ficticio)
=655  \7$aChapbooks$zSpain.$2rbgenr
=752  \\$aSpain$dValencia.
=856  40$uhttp://cudl.lib.cam.ac.uk/view/PR-T-01957-00043$yCambridge Digital Library
=859  \\$aXLD$bCambridge Digital Library
=CAT  \\$aWR14_159$b00$c20141016$lBLL01$h1656
=CAT  \\$aWR14_181$c20150323$lBLL01$h1403
=CAT  \\$aW1606-1753$c20171028$lBLL01$h1604
=SRC  \\$aBLWrongdoing
=LAS  \\$aW1606-1753$b00$c20171028$lBLL01$h1604

