=LDR  01770 am a2200469 a 4500
=001  016895277
=003  Uk
=005  20140516172031.0
=006  m\\\\||\\d\|\\\\\\
=007  cr\|||||||||||
=008  140516q17001850sp\a\\\\o\\\\\000\0\spa\\
=FMT  \\$a  BK
=040  \\$aUkCU$beng$cUkCU$dUk
=245  00$aRelacion y curioso romance en que se declaran los arrojos y valentias de Don Miguel de Arenales :$by el fin dichoso que tuvo : De Don Miguel de Arenales.
=246  30$aDe Don Miguel de Arenales
=260  \\$a[S.l. :$bs.n.,$cbetween 1750 and 1850?]
=300  \\$a1 online resource
=336  \\$atext$2rdacontent
=337  \\$acomputer$2rdamedia
=338  \\$aonline resources$2rdacarrier
=500  \\$aText printed in two columns.
=500  \\$aIllustration incorporated within title.
=500  \\$aIn verse.
=500  \\$aCaption title.
=599  \\$aItem no. T44 in volume T.1957.$5Uk
=533  \\$aElectronic Reproduction$bLondon$cBritish Library$d2012$nItem no. T44 in volume T.1957.$5Uk
=650  \4$aMiguel de Arenales (Fictitious character)
=653  \1$aMiguel de Arenales (Personaje ficticio)
=655  \7$aChapbooks$zSpain.$2rbgenr
=662  \\$aSpain$bCastile$2lcsh-naf
=662  \\$aSpain$dSalamanca$2lcsh-naf
=662  \\$aSpain$dValencia$2lcsh-naf
=662  \\$aSpain$dCádiz$2lcsh-naf
=662  \\$aSpain$dMedellín$2lcsh-naf
=662  \\$aSpain$dNavarre$2lcsh-naf
=856  40$uhttp://cudl.lib.cam.ac.uk/view/PR-T-01957-00044$yCambridge Digital Library
=859  \\$aXLD$bCambridge Digital Library
=CAT  \\$aWR14_159$b00$c20141016$lBLL01$h1656
=CAT  \\$aWR14_181$c20150323$lBLL01$h1403
=CAT  \\$aW1606-1753$c20171028$lBLL01$h1604
=SRC  \\$aBLWrongdoing
=LAS  \\$aW1606-1753$b00$c20171028$lBLL01$h1604

