=LDR  01833 am a2200445 a 4500
=001  016895278
=003  Uk
=005  20140516172659.0
=006  m\\\\||\\d\|\\\\\\
=007  cr\|||||||||||
=008  140516q17501850sp\a\\\\o\\\\\000\0\spa\\
=FMT  \\$a  BK
=040  \\$aUkCU$beng$cUkCU$dUk
=245  00$aVerdadero romance en que se da cuenta de la valerosa hazaña que hizo un principal cavallero de la ciudad de Barcelona, llamado D. Francisco de Figueroa y Caycedo, vencido de los amores de una señora :$brefierese como la sacò de poder de infieles y se casò con ella, con todo lo demàs que verà el curioso lector.
=260  \\$a[S.l. :$bs.n.,$cbetween 1750 and 1850?]
=300  \\$a1 online resource
=336  \\$atext$2rdacontent
=337  \\$acomputer$2rdamedia
=338  \\$aonline resources$2rdacarrier
=500  \\$aText printed in two columns.
=500  \\$aIllustration below title.
=500  \\$aIn verse.
=500  \\$aCaption title.
=500  \\$aImprint from colophon.
=599  \\$aItem no. T45 in volume T.1957.$5Uk
=533  \\$aElectronic Reproduction$bLondon$cBritish Library$d2012$nItem no. T45 in volume T.1957.$5Uk
=650  \4$aFrancisco de Figueroa y Caycedo (Fictitious character)
=651  \0$aCourtship.
=650  \4$aCortejo amoroso.
=653  \1$aFrancisco de Figueroa y Caycedo (Personaje ficticio)
=655  \7$aChapbooks$zSpain.$2rbgenr
=662  \\$aSpain$dBarcelona$2lcsh-naf
=752  \\$aSpain$dValencia.
=856  40$uhttp://cudl.lib.cam.ac.uk/view/PR-T-01957-00045$yCambridge Digital Library
=859  \\$aXLD$bCambridge Digital Library
=CAT  \\$aWR14_159$b00$c20141016$lBLL01$h1656
=CAT  \\$aWR14_181$c20150323$lBLL01$h1403
=CAT  \\$aW1606-1753$c20171028$lBLL01$h1604
=SRC  \\$aBLWrongdoing
=LAS  \\$aW1606-1753$b00$c20171028$lBLL01$h1604

