=LDR  02018 am a2200493 a 4500
=001  016895279
=003  Uk
=005  20140530160734.0
=006  m\\\\||\\d\|\\\\\\
=007  cr\|||||||||||
=008  140519q17461774sp\a\\\\o\\\\\000\0\spa\\
=FMT  \\$a  BK
=040  \\$aUkCU$beng$cUkCU$dUk
=245  00$aNueva relacion y curioso romance en que se dà cuenta y declara la heroyca hazaña que hizo una principal señora :$bse refiere como saliò à pelear en defensa de su amante, con lo demàs que verà el curioso letor : sucediò en la Puente de Don Gonzalo este presente año : De Don Francisco Quiròs.
=246  30$aDe Don Francisco Quiròs
=260  \\$aSe hallarà en Valencia :$bEn la imprenta de Agustin Laborda, vive en la Bolserìa,$c[between 1746 and 1774]
=300  \\$a1 online resource
=336  \\$atext$2rdacontent
=337  \\$acomputer$2rdamedia
=338  \\$aonline resources$2rdacarrier
=500  \\$aText printed in two columns.
=500  \\$aIllustration incorporated within title.
=500  \\$aIn verse.
=500  \\$aCaption title.
=500  \\$aImprint from colophon.
=599  \\$aItem no. T46 in volume T.1957.$5Uk
=533  \\$aElectronic Reproduction$bLondon$cBritish Library$d2012$nItem no. T46 in volume T.1957.$5Uk
=650  \0$aMan-woman relationships.
=650  \0$aWomen murderers.
=650  \0$aCourtship.
=650  \4$aRelaciones hombre-mujer.
=650  \4$aAsesinas.
=650  \4$aCortejo amoroso.
=655  \7$aChapbooks$zSpain.$2rbgenr
=662  \\$aSpain$bAndalusia$2lcsh-naf
=700  1\$aLaborda, Agustín,$dactive 1746-1774,$eprinter.$5Uk
=752  \\$aSpain$dValencia.
=856  40$uhttp://cudl.lib.cam.ac.uk/view/PR-T-01957-00046$yCambridge Digital Library
=859  \\$aXLD$bCambridge Digital Library
=CAT  \\$aWR14_159$b00$c20141016$lBLL01$h1656
=CAT  \\$aWR14_181$c20150323$lBLL01$h1403
=CAT  \\$aW1606-1753$c20171028$lBLL01$h1604
=SRC  \\$aBLWrongdoing
=LAS  \\$aW1606-1753$b00$c20171028$lBLL01$h1604

