=LDR  02196 am a2200481 a 4500
=001  016895280
=003  Uk
=005  20140530160006.0
=006  m\\\\||\\d\|\\\\\\
=007  cr\|||||||||||
=008  140519q17461774sp\a\\\\o\\\\\000\0\spa\\
=FMT  \\$a  BK
=040  \\$aUkCU$beng$cUkCU$dUk
=245  00$aNuevo y curioso romance en que da cuenta y declara los valerosos hechos, bizarrias y proezas de un hijo de Marte y valeroso extremeño llamado D. Francisco de Flores, natural de la Villa de Merida :$bel qual en un desafio le diò muerte à un hijo de un marquès y à otros dos cavalleros, por lo qual se passò a Portugal, adonde por sus heroycas acciones lo amparò su Real Alteza el Principe de los Brasiles, y por su mandado se casò con una noble señora : con lo demàs que verà el curioso letor.
=260  \\$aSe hallarà en Valencia :$bEn la imprenta de Agustin Laborda, vive en la Bolsería,$c[between 1746 and 1774]
=300  \\$a1 online resource
=336  \\$atext$2rdacontent
=337  \\$acomputer$2rdamedia
=338  \\$aonline resources$2rdacarrier
=500  \\$aText printed in two columns.
=500  \\$aIllustration at head of title.
=500  \\$aIn verse.
=500  \\$aCaption title.
=500  \\$aImprint from colophon.
=599  \\$aItem no. T47 in volume T.1957.$5Uk
=533  \\$aElectronic Reproduction$bLondon$cBritish Library$d2012$nItem no. T47 in volume T.1957.$5Uk
=650  \4$aFrancisco de Flores (Fictitious character)
=650  \0$aCourage.
=650  \0$aMurder.
=650  \4$aValentía.
=655  \7$aChapbooks$zSpain.$2rbgenr
=653  \1$aFrancisco de Flores (Personaje ficticio)
=662  \\$aSpain$dMérida$2lcsh-naf
=662  \\$aPortugal$2lcsh-naf
=700  1\$aLaborda, Agustín,$dactive 1746-1774,$eprinter.$5Uk
=752  \\$aSpain$dValencia.
=856  40$uhttp://cudl.lib.cam.ac.uk/view/PR-T-01957-00047$yCambridge Digital Library
=859  \\$aXLD$bCambridge Digital Library
=CAT  \\$aWR14_159$b00$c20141016$lBLL01$h1656
=CAT  \\$aWR14_181$c20150323$lBLL01$h1403
=CAT  \\$aW1606-1753$c20171028$lBLL01$h1604
=SRC  \\$aBLWrongdoing
=LAS  \\$aW1606-1753$b00$c20171028$lBLL01$h1604

