=LDR  02123 am a2200481 a 4500
=001  016895281
=003  Uk
=005  20140530160817.0
=006  m\\\\||\\d\|\\\\\\
=007  cr\|||||||||||
=008  140519q17461774sp\a\\\\o\\\\\000\0\spa\\
=FMT  \\$a  BK
=040  \\$aUkCU$beng$cUkCU$dUk
=245  00$aFamosa xacara nueva que refiere la venganza que el Capitan Don Francisco de Torres tomò de una injusta bofetada que diò à su padre un cavallero, llamado Don Pedro de Guzmàn :$bdàse cuenta como salieron à campaña y le diò muerte à èl y à un negro que llevaba y le cortó la mano derecha, la traxo à la ciudad y la fixò en la esquina de su casa.
=260  \\$aSe hallarà en Valencia :$bEn la imprenta de Agustin Laborda, vive en la Bolserìa ...,$c[between 1746 and 1774]
=300  \\$a1 online resource
=336  \\$atext$2rdacontent
=337  \\$acomputer$2rdamedia
=338  \\$aonline resources$2rdacarrier
=500  \\$aText printed in two columns.
=500  \\$aIllustration at head of title.
=500  \\$aIn verse.
=500  \\$aCaption title.
=500  \\$aImprint from colophon.
=599  \\$aItem no. T48 in volume T.1957.$5Uk
=533  \\$aElectronic Reproduction$bLondon$cBritish Library$d2012$nItem no. T48 in volume T.1957.$5Uk
=650  \0$aViolent crimes.
=650  \4$aDelitos violentos.
=650  \4$aFrancisco de Torres (Fictitious character)
=650  \4$aPedro de Guzmán (Fictitious character)
=653  \1$aFrancisco de Torres (Personaje ficti)
=653  \1$aPedro de Guzmán (Fictitious character)
=655  \7$aChapbooks$zSpain.$2rbgenr
=662  \\$aSpain$dCórdoba$2lcsh-naf
=700  1\$aLaborda, Agustín,$dactive 1746-1774,$eprinter.$5Uk
=752  \\$aSpain$dValencia.
=856  40$uhttp://cudl.lib.cam.ac.uk/view/PR-T-01957-00048$yCambridge Digital Library
=859  \\$aXLD$bCambridge Digital Library
=CAT  \\$aWR14_159$b00$c20141016$lBLL01$h1656
=CAT  \\$aWR14_181$c20150323$lBLL01$h1403
=CAT  \\$aW1606-1753$c20171028$lBLL01$h1604
=SRC  \\$aBLWrongdoing
=LAS  \\$aW1606-1753$b00$c20171028$lBLL01$h1604

