=LDR  01826 am a2200469 a 4500
=001  016895286
=003  Uk
=005  20140519145548.0
=006  m\\\\||\\d\|\\\\\\
=007  cr\|||||||||||
=008  140519q17991850sp\a\\\\o\\\\\000\0\spa\d
=FMT  \\$a  BK
=040  \\$aUkCU$beng$cUkCU$dUk
=245  00$aNuevo y curioso romance en que se refieren los famosos hechos y gallardas hazañas del valeroso Alfonso Nuñez, natural de la villa de Ledaña :$bdase cuenta como le dieron muerte los soldados en este presente año : De Alfonso Nuñez.
=246  30$aDe Alfonso Nuñez
=260  \\$a[S.l. :$bs.n.,$cbetween 1799 and 1850?]
=300  \\$a1 online resource
=336  \\$atext$2rdacontent
=337  \\$acomputer$2rdamedia
=338  \\$aonline resources$2rdacarrier
=500  \\$aText printed in two columns.
=500  \\$aIn verse.
=500  \\$aTwo separate illustrations within title.
=500  \\$aCaption title.
=500  \\$aImprint from colophon.
=599  \\$aItem no. T53 in volume T.1957.$5Uk
=533  \\$aElectronic Reproduction$bLondon$cBritish Library$d2012$nItem no. T53 in volume T.1957.$5Uk
=650  \0$aWomen$xCrimes against.
=650  \0$aBrigands and robbers.
=650  \4$aAlfonso Nuñez (Fictitious character)
=650  \4$aMujeres$xDelitos contra las.
=650  \4$aBandoleros.
=653  \1$aAlfonso Nuñez (Personaje ficticio)
=655  \7$aChapbooks$zSpain.$2rbgenr
=662  \\$aPortugal$gAlgarve$2lcsh-naf
=856  40$uhttp://cudl.lib.cam.ac.uk/view/PR-T-01957-00053$yCambridge Digital Library
=859  \\$aXLD$bCambridge Digital Library
=CAT  \\$aWR14_159$b00$c20141016$lBLL01$h1656
=CAT  \\$aWR14_181$c20150323$lBLL01$h1403
=CAT  \\$aW1606-1753$c20171028$lBLL01$h1604
=SRC  \\$aBLWrongdoing
=LAS  \\$aW1606-1753$b00$c20171028$lBLL01$h1604

