=LDR  02511 am a2200541 a 4500
=001  016895287
=003  Uk
=005  20140531100904.0
=006  m\\\\||\\d\|\\\\\\
=007  cr\|||||||||||
=008  140519s1764\\\\sp\a\\\\o\\\\\000\0\spa\d
=FMT  \\$a  BK
=040  \\$aUkCU$beng$cUkCU$dUk
=245  00$aDe Antonio Montero y Diego Frias :$bNueva relacion y curioso romance en que se refiere un raro sucesso y notable tragedia, que en la ciudad de Antequera les sucediò à dos mancebos muy amigos, el uno llamado Diego de Frias, y el otro Antonio Montero, el qual era casado con una muy hermosa dama : y como Diego de Frias, haviendose enamorado de ella, la sacò de su casa y la llevò à la ciudad de Sevilla : y como despues Antonio Montero los matò à entrambos.
=246  30$aNueva relacion y curioso romance en que se refiere un raro suceso y notable tragedia,
=260  \\$aCon licencia en Madrid :$bEn la imprenta de Cruzada, se hallarà en la lonja de papel de Andrès de Sotos, mas abajo de la Porterìa de San Martin,$caño de 1764.
=300  \\$a1 online resource
=336  \\$atext$2rdacontent
=337  \\$acomputer$2rdamedia
=338  \\$aonline resources$2rdacarrier
=500  \\$aText printed in two columns.
=500  \\$aIn verse.
=500  \\$aIllustration at head of title.
=500  \\$aCaption title.
=500  \\$aImprint from colophon.
=599  \\$aItem no. T54 in volume T.1957.$5Uk
=533  \\$aElectronic Reproduction$bLondon$cBritish Library$d2012$nItem no. T54 in volume T.1957.$5Uk
=600  10$aMontero, Antonio,$dactive 19th century.
=600  14$aMontero, Antonio,$dsiglo 19.
=650  \4$aDiego de Frias (Fictitious character)
=650  \0$aAdultery.
=650  \0$aCrimes of passion.
=650  \4$aAdulterio.
=650  \4$aCrímenes de pasión.
=653  \1$aDiego de Frias (Personaje ficticio)
=655  \7$aChapbooks$zSpain.$2rbgenr
=662  \\$aSpain$dAntequera$2lcsh-naf
=662  \\$aSpain$dSeville$2lcsh-naf
=662  \\$aSpain$dCarmona (Seville)$2lcsh-naf
=700  1\$aSotos, Andrés de,$dactive 1764-1792,$ebookseller.$5Uk
=752  \\$aSpain$dMadrid.
=856  40$uhttp://cudl.lib.cam.ac.uk/view/PR-T-01957-00054$yCambridge Digital Library
=859  \\$aXLD$bCambridge Digital Library
=CAT  \\$aWR14_159$b00$c20141016$lBLL01$h1656
=CAT  \\$aWR14_181$c20150323$lBLL01$h1403
=CAT  \\$aW1606-1753$c20171028$lBLL01$h1604
=SRC  \\$aBLWrongdoing
=LAS  \\$aW1606-1753$b00$c20171028$lBLL01$h1604

