=LDR  02365 am a2200517 a 4500
=001  016895288
=003  Uk
=005  20140530172735.0
=006  m\\\\||\\d\|\\\\\\
=007  cr\|||||||||||
=008  140519s1760\\\\sp\a\\\\o\\\\\000\0\spa\\
=FMT  \\$a  BK
=040  \\$aUkCU$beng$cUkCU$dUk
=245  00$aNuevo romance donde se refieren los amorosos sucessos de dos amantes naturales de la ciudad de Toledo, llamados Don Antonio de Orellana y Doña Josepha de Caycedo :$brefierese como, por haver dado muerte à un caballero, se ausentò de la ciudad y sabiendolo su dama fuè en busca suya : De D. Antonio de Orellana y Doña Josepha de Caycedo.
=246  30$aDe D. Antonio de Orellana y Doña Josepha de Caycedo
=260  \\$aCon licencia en Madrid :$bEn la imprenta de Francisco Xavier García, calle de los Capellanes, se hallarà en la Lonja de papel de Andrès de Sotos, mas abaxo de la Porterìa de San Martin,$caño 1760.
=300  \\$a1 online resource
=336  \\$atext$2rdacontent
=337  \\$acomputer$2rdamedia
=338  \\$aonline resources$2rdacarrier
=500  \\$aText printed in two columns.
=500  \\$aThree separate illustrations at head of title.
=500  \\$aIn verse.
=500  \\$aCaption title.
=599  \\$aItem no. T55 in volume T.1957.$5Uk
=533  \\$aElectronic Reproduction$bLondon$cBritish Library$d2012$nItem no. T55 in volume T.1957.$5Uk
=650  \4$aAntonio de Orellana (Fictitious character)
=650  \4$aJosepha de Caycedo (Fictitious character)
=650  \0$aMurder.
=650  \0$aCourtship.
=650  \4$aAsesinato.
=650  \4$aCortejo amoroso.
=653  \1$aAntonio de Orellana (Personaje ficticio)
=653  \1$aJosepha de Caycedo (Personaje ficticio)
=655  \7$aChapbooks$zSpain.$2rbgenr
=662  \\$aSpain$dToledo$2lcsh-naf
=700  1\$aGarcia, Francisco Xavier,$d1753-approximately 1781,$eprinter.$5Uk
=700  1\$aSotos, Andrés de,$dactive 1764-1792,$ebookseller.$5Uk
=752  \\$aSpain$dMadrid.
=856  40$uhttp://cudl.lib.cam.ac.uk/view/PR-T-01957-00055$yCambridge Digital Library
=859  \\$aXLD$bCambridge Digital Library
=CAT  \\$aWR14_159$b00$c20141016$lBLL01$h1656
=CAT  \\$aWR14_181$c20150323$lBLL01$h1403
=CAT  \\$aW1606-1753$c20171028$lBLL01$h1604
=SRC  \\$aBLWrongdoing
=LAS  \\$aW1606-1753$b00$c20171028$lBLL01$h1604

