=LDR  02559 am a2200517 a 4500
=001  016895289
=003  Uk
=005  20140530172806.0
=006  m\\\\||\\d\|\\\\\\
=007  cr\|||||||||||
=008  140519q17531781sp\a\\\\o\\\\\000\0\spa\\
=FMT  \\$a  BK
=040  \\$aUkCU$beng$cUkCU$dUk
=245  00$aNueva relacion y curioso romance en que se da cuenta del exemplar castigo que Dios nuestro Señor ha permitido mandar hacer en un cavallero, por haver levantado un falso testimonio à una doncella honesta y virtuosa :$bRefierese como estando para morir, quatro demonios en figura de perros le despedazaron, y como la doncella se viò libre de las assechanzas y engaños del demonio por ser devota de nuestra Señora del Pilar y los Santos Evangelios : con todas las demàs circunstancias que veràn los discretos lectores : sucediò en la ciudad de Zaragoza en este presente año.
=260  \\$aCon licencia en Madrid :$bEn la imprenta de Francisco Xavier Garcia, se hallarà en la Lonja de papel de Andrès de Sotos, mas abaxo de la Porterìa de S. Martin,$cbetween 1753 and 1781?
=300  \\$a1 online resource
=336  \\$atext$2rdacontent
=337  \\$acomputer$2rdamedia
=338  \\$aonline resources$2rdacarrier
=500  \\$aText printed in two columns.
=500  \\$aThree separate illustrations at head of title.
=500  \\$aIn verse.
=500  \\$aCaption title.
=500  \\$aImprint from colophon.
=599  \\$aItem no. T56 in volume T.1957.$5Uk
=533  \\$aElectronic Reproduction$bLondon$cBritish Library$d2012$nItem no. T56 in volume T.1957.$5Uk
=600  00$aJesus Christ$xDevotion to.
=600  04$aJesucristo$xDevoción a.
=650  \4$aDionisia Perez Losada (Fictitious character)
=650  \0$aJudgment of God.
=650  \0$aChristianity and justice.
=650  \4$aDemonio.
=653  \1$aDionisia Perez Losada (Personaje ficticio)
=653  \0$aJusticia divina.
=655  \7$aChapbooks$zSpain.$2rbgenr
=662  \\$aSpain$dZaragoza$2lcsh-naf
=700  1\$aGarcia, Francisco Xavier,$d1753-approximately 1781,$eprinter.$5Uk
=700  1\$aSotos, Andrés de,$dactive 1764-1792,$ebookseller.$5Uk
=752  \\$aSpain$dMadrid.
=856  40$uhttp://cudl.lib.cam.ac.uk/view/PR-T-01957-00056$yCambridge Digital Library
=859  \\$aXLD$bCambridge Digital Library
=CAT  \\$aWR14_159$b00$c20141016$lBLL01$h1656
=CAT  \\$aWR14_181$c20150323$lBLL01$h1403
=CAT  \\$aW1606-1753$c20171028$lBLL01$h1604
=SRC  \\$aBLWrongdoing
=LAS  \\$aW1606-1753$b00$c20171028$lBLL01$h1604

