=LDR  02641 am a2200493 a 4500
=001  016895290
=003  Uk
=005  20140530160807.0
=006  m\\\\||\\d\|\\\\\\
=007  cr\|||||||||||
=008  140519q17461774sp\a\\\\o\\\\\000\0\spa\\
=FMT  \\$a  BK
=040  \\$aUkCU$beng$cUkCU$dUk
=245  00$aLa Europa :$bNueva relacion y curioso romance en que dà quenta y declara las quatro partidas del mundo con todas sus provincias, reynos, ciudades, rios y montes que contienen con muchas y curiosas noticias, y en particular de las ocho maravillas del mundo, como lo verà el curioso en esta primera parte.
=246  30$aNueva relacion y curioso romance en que dà quenta y declara las quatro partidas del mundo con todas sus provincias, reynos, ciudades, rios y montes
=260  \\$aSe hallarà en Valencia :$bEn la imprenta de Agustin Laborda, vive en la Bolserìa ...,$c[between 1746 and 1774]
=300  \\$a1 online resource
=336  \\$atext$2rdacontent
=337  \\$acomputer$2rdamedia
=338  \\$aonline resources$2rdacarrier
=500  \\$aText printed in two columns.
=500  \\$aIllustration at head of title; second and third parts with additional illustrations at head of title.
=500  \\$aIn verse.
=500  \\$aCaption title.
=500  \\$aImprint from colophon.
=500  \\$aIn four parts. Part two has title: "La Africa, prosigue la historia de las quatro partes de el mundo, con todas sus provincias." Part three has title: "La America, prosigue la historia de las quatro partes del mundo, con todas sus provincias, reynos, ciudades y montes que contienen, con muchas y curiosas noticias." Part four has title: "El Asia, quarta parte de la descripcion y mapa del mundo en que se refieren las ocho maravillas y las mas curiosas noticias que verà el curioso lector."
=599  \\$aItem no. T57 in volume T.1957.$5Uk
=533  \\$aElectronic Reproduction$bLondon$cBritish Library$d2012$nItem no. T57 in volume T.1957.$5Uk
=650  \0$aWorld history.
=650  \4$aHistoria universal.
=655  \7$aChapbooks$zSpain.$2rbgenr
=662  \\$aEurope$2lcsh-naf
=700  1\$aLaborda, Agustín,$dactive 1746-1774,$eprinter.$5Uk
=740  02$aAfrica.
=740  02$aAmerica.
=740  02$aAsia.
=752  \\$aSpain$dValencia.
=856  40$uhttp://cudl.lib.cam.ac.uk/view/PR-T-01957-00057$yCambridge Digital Library
=859  \\$aXLD$bCambridge Digital Library
=CAT  \\$aWR14_159$b00$c20141016$lBLL01$h1656
=CAT  \\$aWR14_181$c20150323$lBLL01$h1403
=CAT  \\$aW1606-1753$c20171028$lBLL01$h1604
=SRC  \\$aBLWrongdoing
=LAS  \\$aW1606-1753$b00$c20171028$lBLL01$h1604

