=LDR  01743 am a2200481 a 4500
=001  016895293
=003  Uk
=005  20140530155000.0
=006  m\\\\||\\d\|\\\\\\
=007  cr\|||||||||||
=008  140519q17461774sp\a\\\\o\\\\\000\0\spa\d
=FMT  \\$a  BK
=040  \\$aUkCU$beng$cUkCU$dUk
=245  03$aNueva relacion en que se refiere la disputa que tuvo el Trigo con el Dinero, sobre qual era de mayor excelencia :$bDel trigo y el dinero.
=246  30$aDel trigo y el dinero
=260  \\$aSe hallarà en Valencia :$bEn la imprenta de Agustin Laborda, vive en la Bolsería,$c[between 1746 and 1774]
=300  \\$a1 online resource
=336  \\$atext$2rdacontent
=337  \\$acomputer$2rdamedia
=338  \\$aonline resources$2rdacarrier
=500  \\$aText printed in two columns.
=500  \\$aIn verse.
=500  \\$aTwo separate illustrations at head of title.
=500  \\$aCaption title.
=500  \\$aImprint from colophon.
=599  \\$aItem no. T60 in volume T.1957.$5Uk
=533  \\$aElectronic Reproduction$bLondon$cBritish Library$d2012$nItem no. T60 in volume T.1957.$5Uk
=650  \0$aParody.
=650  \0$aWheat.
=650  \0$aMoney.
=650  \4$aParodia.
=650  \4$aTrigo.
=650  \4$aDinero.
=655  \7$aChapbooks$zSpain.$2rbgenr
=700  1\$aLaborda, Agustín,$dactive 1746-1774,$eprinter.$5Uk
=752  \\$aSpain$dValencia.
=856  40$uhttp://cudl.lib.cam.ac.uk/view/PR-T-01957-00060$yCambridge Digital Library
=859  \\$aXLD$bCambridge Digital Library
=CAT  \\$aWR14_159$b00$c20141016$lBLL01$h1656
=CAT  \\$aWR14_181$c20150323$lBLL01$h1403
=CAT  \\$aW1606-1753$c20171028$lBLL01$h1604
=SRC  \\$aBLWrongdoing
=LAS  \\$aW1606-1753$b00$c20171028$lBLL01$h1604

