=LDR  01912 am a2200421 a 4500
=001  016895294
=003  Uk
=005  20140530155008.0
=006  m\\\\||\\d\|\\\\\\
=007  cr\|||||||||||
=008  140519q17461774sp\a\\\\o\\\\\000\0\spa\\
=FMT  \\$a  BK
=040  \\$aUkCU$beng$cUkCU$dUk
=245  00$aTestamento de la Saboyana :$bCompendiosa relacion, llantos y lamentos que hacen los leales españoles por la temprana muerte de la Reyna nuestra señora, que Dios tenga : y el real despedimiento que hizo el Rey nuestro señor del principe è infantes : y del real magnifico entierro que se hizo el dia 18. de febrero de 1714.
=260  \\$aSe hallará en Valencia :$bEn la imprenta de Agustin Laborda y Campo,$c[between 1746 and 1774]
=300  \\$a1 online resource
=336  \\$atext$2rdacontent
=337  \\$acomputer$2rdamedia
=338  \\$aonline resources$2rdacarrier
=500  \\$aText printed in two columns.
=500  \\$aIllustration at head of title.
=500  \\$aIn verse.
=500  \\$aCaption title.
=500  \\$aImprint from colophon.
=599  \\$aItem no. T61 in volume T.1957.$5Uk
=533  \\$aElectronic Reproduction$bLondon$cBritish Library$d2012$nItem no. T61 in volume T.1957.$5Uk
=600  00$aMaría Luisa,$cQueen, consort of Philip V, King of Spain$xDeath and burial.
=653  \1$aMaria Luisa, Reina consorte de Felipe V, Rey de España--Muerte y entierro.
=655  \7$aChapbooks$zSpain.$2rbgenr
=700  1\$aLaborda, Agustín,$dactive 1746-1774,$eprinter.$5Uk
=752  \\$aSpain$dValencia.
=856  40$uhttp://cudl.lib.cam.ac.uk/view/PR-T-01957-00061$yCambridge Digital Library
=859  \\$aXLD$bCambridge Digital Library
=CAT  \\$aWR14_159$b00$c20141016$lBLL01$h1656
=CAT  \\$aWR14_181$c20150323$lBLL01$h1403
=CAT  \\$aW1606-1753$c20171028$lBLL01$h1604
=SRC  \\$aBLWrongdoing
=LAS  \\$aW1606-1753$b00$c20171028$lBLL01$h1604

