=LDR  02264 am a2200505 a 4500
=001  016895296
=003  Uk
=005  20140530160652.0
=006  m\\\\||\\d\|\\\\\\
=007  cr\|||||||||||
=008  140519q17461774sp\a\\\\o\\\\\000\0\spa\\
=FMT  \\$a  BK
=040  \\$aUkCU$beng$cUkCU$dUk
=245  00$aNueva relacion y lastimoso romance en el qual se da cuenta y declara los crueles martyrios y rigurosos tormentos que en la ciudad de Argèl han executado los barbaros argelinos, con un cautivo christiano, hijo de Cartagena, llamado Pedro Bolèon y Seretin :$bsucedió en este presente año, con todo lo demàs que verà el curioso letor : De Pedro Boleon y Seretin.
=246  30$aDe Pedro Boleon y Seretin
=260  \\$aSe hallarà en Valencia :$bEn la imprenta de Agustin Laborda, vive en la Bolsería ...,$c[between 1746 and 1774]
=300  \\$a1 online resource
=336  \\$atext$2rdacontent
=337  \\$acomputer$2rdamedia
=338  \\$aonline resources$2rdacarrier
=500  \\$aText printed in two columns.
=500  \\$aIllustration incorporated within title.
=500  \\$aIn verse.
=500  \\$aCaption title.
=500  \\$aImprint from colophon.
=599  \\$aItem no. T63 in volume T.1957.$5Uk
=533  \\$aElectronic Reproduction$bLondon$cBritish Library$d2012$nItem no. T63 in volume T.1957.$5Uk
=650  \0$aChristianity and other religions$xIslam.
=650  \0$aIslam$xRelations$xChristianity.
=650  \4$aPedro Boleon y Seretin (Fictitious character)
=650  \4$aCristianismo y otras religiones$xIslamismo.
=650  \4$aIslamismo$xRelaciones$xCristianismo.
=653  \1$aPedro Boleon y Seretin (Personaje ficticio)
=655  \7$aChapbooks$zSpain.$2rbgenr
=662  \\$aAlgeria$dAlgiers$2lcsh-naf
=662  \\$aSpain$dCartagena$2lcsh-naf
=700  1\$aLaborda, Agustín,$dactive 1746-1774,$eprinter.$5Uk
=752  \\$aSpain$dValencia.
=856  40$uhttp://cudl.lib.cam.ac.uk/view/PR-T-01957-00063$yCambridge Digital Library
=859  \\$aXLD$bCambridge Digital Library
=CAT  \\$aWR14_159$b00$c20141016$lBLL01$h1656
=CAT  \\$aWR14_181$c20150323$lBLL01$h1403
=CAT  \\$aW1606-1753$c20171028$lBLL01$h1604
=SRC  \\$aBLWrongdoing
=LAS  \\$aW1606-1753$b00$c20171028$lBLL01$h1604

