=LDR  02280 am a2200517 a 4500
=001  016895297
=003  Uk
=005  20140530161004.0
=006  m\\\\||\\d\|\\\\\\
=007  cr\|||||||||||
=008  140519s1758\\\\sp\a\\\\o\\\\\000\0\spa\\
=FMT  \\$a  BK
=040  \\$aUkCU$beng$cUkCU$dUk
=245  00$aCurioso y nuevo romance en que se declara y dà cuenta de un peregrino milagro que obrò el Santissimo Christo de Villaquexida por intercession de su Santissima Madre, Señora nuestra de la Concepcion, con un devoto suyo el qual aviendo dado alevosa muerte à su padre, madre y hermanas se entregò al demonio :$by por la devocion que tenía à estas santas imágenes se viò libre de tan gran peligro y los quatro dífuntos recobraron la vida, con lo demas que verà el curioso lector : sucediò en la Villa de Alfarnate, obispado de Soria.
=260  \\$aCon licencia en Valencia :$bEn la imprenta de Agustin Laborda, vive en la Bolsería ...,$caño 1758.
=300  \\$a1 online resource
=336  \\$atext$2rdacontent
=337  \\$acomputer$2rdamedia
=338  \\$aonline resources$2rdacarrier
=500  \\$aText printed in two columns.
=500  \\$aIllustration at head of title.
=500  \\$aIn verse.
=500  \\$aCaption title.
=500  \\$aImprint from colophon.
=599  \\$aItem no. T64 in volume T.1957.$5Uk
=533  \\$aElectronic Reproduction$bLondon$cBritish Library$d2012$nItem no. T64 in volume T.1957.$5Uk
=650  \0$aChristian literature, Spanish.
=650  \0$aMiracles.
=650  \0$aParricide.
=650  \0$aFratricide.
=650  \4$aLiteratura religiosa española
=650  \4$aMilagros.
=650  \4$aParricidio.
=650  \4$aFratricidio.
=650  \4$aDemonio.
=655  \7$aChapbooks$zSpain.$2rbgenr
=662  \\$aSpain$dSoria$2lcsh-naf
=700  1\$aLaborda, Agustín,$dactive 1746-1774,$eprinter.$5Uk
=752  \\$aSpain$dValencia.
=856  40$uhttp://cudl.lib.cam.ac.uk/view/PR-T-01957-00064$yCambridge Digital Library
=859  \\$aXLD$bCambridge Digital Library
=CAT  \\$aWR14_159$b00$c20141016$lBLL01$h1656
=CAT  \\$aWR14_181$c20150323$lBLL01$h1403
=CAT  \\$aW1606-1753$c20171028$lBLL01$h1604
=SRC  \\$aBLWrongdoing
=LAS  \\$aW1606-1753$b00$c20171028$lBLL01$h1604

