=LDR  02332 am a2200517 a 4500
=001  016895300
=003  Uk
=005  20140530172611.0
=006  m\\\\||\\d\|\\\\\\
=007  cr\|||||||||||
=008  140520s1758\\\\sp\a\\\\o\\\\\000\0\spa\d
=FMT  \\$a  BK
=040  \\$aUkCU$beng$cUkCU$dUk
=245  00$aRelacion verdadera de la mas admirable maravilla y peregrino assombro que ha sucedido en Avila famosa con una doncella muy hermosa que por profana y blasfema permitiò Dios quitarle su hermosura trocando la cara, manos, ojos y pelo en especies de diferentes brutos :$bDáse cuenta de la horrible forma en que ha quedado y como la manifiestan à todos con todo lo demàs que verà el curioso letor : de la hermosa fea.
=246  30$aDe la hermosa fea
=260  \\$aCon licencia en Madrid :$bEn la imprenta de Francisco Xavier Garcia, calle de los Capellanes, se hallarà en casa de Andrès de Sotos, Lonja de papel, mas abaxo de la Porterìa de San Martin,$caño 1758.
=300  \\$a1 online resource
=336  \\$atext$2rdacontent
=337  \\$acomputer$2rdamedia
=338  \\$aonline resources$2rdacarrier
=500  \\$aText printed in two columns.
=500  \\$aIn verse.
=500  \\$aIllustration incorporated within title.
=500  \\$aCaption title.
=500  \\$aImprint from colophon.
=599  \\$aItem no. T67 in volume T.1957.$5Uk
=533  \\$aElectronic Reproduction$bLondon$cBritish Library$d2012$nItem no. T67 in volume T.1957.$5Uk
=650  \0$aJudgment of God.
=650  \0$aChristianity and justice.
=650  \0$aPride and vanity.
=650  \0$aBeauty, Personal.
=650  \4$aSoberbia.
=650  \4$aBelleza personal.
=653  \0$aJusticia divina.
=655  \7$aChapbooks$zSpain.$2rbgenr
=662  \\$aSpain$dAvila$2lcsh-naf
=700  1\$aGarcia, Francisco Xavier,$d1753-approximately 1781,$eprinter.$5Uk
=700  1\$aSotos, Andrés de,$dactive 1764-1792,$ebookseller.$5Uk
=752  \\$aSpain$dMadrid.
=856  40$uhttp://cudl.lib.cam.ac.uk/view/PR-T-01957-00067$yCambridge Digital Library
=859  \\$aXLD$bCambridge Digital Library
=CAT  \\$aWR14_159$b00$c20141016$lBLL01$h1656
=CAT  \\$aWR14_181$c20150323$lBLL01$h1403
=CAT  \\$aW1606-1753$c20171028$lBLL01$h1604
=SRC  \\$aBLWrongdoing
=LAS  \\$aW1606-1753$b00$c20171028$lBLL01$h1604

