=LDR  01841 am a2200457 a 4500
=001  016895301
=003  Uk
=005  20140520094424.0
=006  m\\\\||\\d\|\\\\\\
=007  cr\|||||||||||
=008  140520q17991850sp\a\\\\o\\\\\000\0\spa\\
=FMT  \\$a  BK
=040  \\$aUkCU$beng$cUkCU$dUk
=245  00$aNuevo romance en que se declara y da cuenta de un prodigioso sucesso que sucediò en la ciudad de San Lucar con un galàn y una dama una noche de San Juan :$by como à la dama se la llevò cautiva un corsario berberisco y como el mismo corsario le diò libertad.
=260  \\$a[S.l. :$bs.n.,$cbetween 1799 and 1850?]
=300  \\$a1 online resource
=336  \\$atext$2rdacontent
=337  \\$acomputer$2rdamedia
=338  \\$aonline resources$2rdacarrier
=500  \\$aText printed in two columns.
=500  \\$aIllustration at head of title.
=500  \\$aIn verse.
=500  \\$aCaption title.
=500  \\$aImprint from colophon.
=599  \\$aItem no. T68 in volume T.1957.$5Uk
=533  \\$aElectronic Reproduction$bLondon$cBritish Library$d2012$nItem no. T68 in volume T.1957.$5Uk
=650  \0$aChristianity and other religions$xIslam.
=650  \0$aIslam$xRelations$xChristianity.
=650  \4$aCristianismo y otras religiones$xIslamismo.
=650  \4$aIslamismo$xRelaciones$xCristianismo.
=650  \0$aCourtship.
=650  \4$aCortejo amoroso.
=655  \7$aChapbooks$zSpain.$2rbgenr
=662  \\$aSpain$dSanlúcar de Barrameda$2lcsh-naf
=856  40$uhttp://cudl.lib.cam.ac.uk/view/PR-T-01957-00068$yCambridge Digital Library
=859  \\$aXLD$bCambridge Digital Library
=CAT  \\$aWR14_159$b00$c20141016$lBLL01$h1656
=CAT  \\$aWR14_181$c20150323$lBLL01$h1403
=CAT  \\$aW1606-1753$c20171028$lBLL01$h1604
=SRC  \\$aBLWrongdoing
=LAS  \\$aW1606-1753$b00$c20171028$lBLL01$h1604

