=LDR  01645 am a2200457 a 4500
=001  016895302
=003  Uk
=005  20140520094701.0
=006  m\\\\||\\d\|\\\\\\
=007  cr\|||||||||||
=008  140520q17991850sp\a\\\\o\\\\\000\0\spa\\
=FMT  \\$a  BK
=040  \\$aUkCU$beng$cUkCU$dUk
=245  00$aNuevo y curioso romance en que se dà cuenta y declara la contienda mas reñida que ha tenido la riqueza y la pobreza :$bcon todo lo demàs que verà el curioso lector.
=246  30$aDe la riqueza y la pobreza
=260  \\$a[S.l. :$bs.n., between 1799 and 1850?]
=300  \\$a1 online resource
=336  \\$atext$2rdacontent
=337  \\$acomputer$2rdamedia
=338  \\$aonline resources$2rdacarrier
=500  \\$aText printed in two columns.
=500  \\$aIn verse.
=500  \\$aTwo separate illustrations incorporated within title.
=500  \\$aCaption title.
=500  \\$aImprint from colophon.
=599  \\$aItem no. T69 in volume T.1957.$5Uk
=533  \\$aElectronic Reproduction$bLondon$cBritish Library$d2012$nItem no. T69 in volume T.1957.$5Uk
=650  \0$aSatire, Spanish.
=650  \0$aWealth.
=650  \0$aPoverty.
=650  \4$aSátira española.
=650  \4$aRiqueza.
=650  \4$aPobreza.
=655  \7$aChapbooks$zSpain.$2rbgenr
=856  40$uhttp://cudl.lib.cam.ac.uk/view/PR-T-01957-00069$yCambridge Digital Library
=859  \\$aXLD$bCambridge Digital Library
=CAT  \\$aWR14_159$b00$c20141016$lBLL01$h1656
=CAT  \\$aWR14_181$c20150323$lBLL01$h1403
=CAT  \\$aW1606-1753$c20171028$lBLL01$h1604
=SRC  \\$aBLWrongdoing
=LAS  \\$aW1606-1753$b00$c20171028$lBLL01$h1604

