=LDR  02146 am a2200493 a 4500
=001  016895304
=003  Uk
=005  20140531105832.0
=006  m\\\\||\\d\|\\\\\\
=007  cr\|||||||||||
=008  140520s1763\\\\sp\a\\\\o\\\\\000\0\spa\\
=FMT  \\$a  BK
=040  \\$aUkCU$beng$cUkCU$dUk
=245  00$aDe la monja de Almeria :$bNuevo y curioso romance en el qual se declara la vida que tuvo una doncella, la qual estando religiosa no quiso professar, y bolviendose à su patria la cautivaron y renegò y hizo quemar à su padre y un hermano suyo.
=246  30$aNuevo y curioso romance en el qual se declara la vida que tuvo una doncella, la qual estando religiosa no quiso professar
=260  \\$aCon licencia en Madrid :$bEn la imprenta de los Herederos de Francisco del Hierro, se hallarà en la Lonja de papel de Andrès de Sotos, mas abajo de la Porterìa de San Martin,$caño de 1763.
=300  \\$a1 online resource
=336  \\$atext$2rdacontent
=337  \\$acomputer$2rdamedia
=338  \\$aonline resources$2rdacarrier
=500  \\$aText printed in two columns.
=500  \\$aIllustration at head of title.
=500  \\$aIn verse.
=500  \\$aCaption title.
=500  \\$aImprint from colophon.
=599  \\$aItem no. T71 in volume T.1957.$5Uk
=533  \\$aElectronic Reproduction$bLondon$cBritish Library$d2012$nItem no. T71 in volume T.1957.$5Uk
=650  \0$aBlasphemy.
=650  \0$aNuns.
=650  \4$aBlasfemia.
=650  \4$aMonjas.
=655  \7$aChapbooks$zSpain.$2rbgenr
=662  \\$aSpain$dAlmería$2lcsh-naf
=710  2\$aHerederos de Francisco del Hierro,$eprinter.$5Uk
=700  1\$aSotos, Andrés de,$dactive 1764-1792,$ebookseller.$5Uk
=752  \\$aSpain$dValencia.
=856  40$uhttp://cudl.lib.cam.ac.uk/view/PR-T-01957-00071$yCambridge Digital Library
=859  \\$aXLD$bCambridge Digital Library
=CAT  \\$aWR14_159$b00$c20141016$lBLL01$h1656
=CAT  \\$aWR14_181$c20150323$lBLL01$h1403
=CAT  \\$aW1606-1753$c20171028$lBLL01$h1604
=CAT  \\$aBATCH-UPD$b00$c20191220$lBLL01$h2040
=SRC  \\$aBLWrongdoing
=LAS  \\$aBATCH-UPD$b00$c20191220$lBLL01$h2040

