=LDR  02211 am a2200541 a 4500
=001  016895306
=003  Uk
=005  20170511163626.0
=006  m\\\\||\\d\|\\\\\\
=007  cr\|||||||||||
=008  140520q17461774sp\a\\\\o\\\\\000\0\spa\\
=FMT  \\$a  BK
=040  \\$aUkCU$beng$cUkCU$dUk
=245  00$aDon Juan de Mendoza :$bRomance de las valentias y atrocidades de Don Juan de Mendoza, natural de Cordova : dicese como renegò en Tunez y fue despedazado entre quatro cavallos y muriò convertido à nuestra Santa Fè, en este presente año.
=246  30$aRomance de las valentias y atrocidades de Don Juan de Mendoza, natural de Cordova
=260  \\$aSe hallarà en Valencia :$bEn la imprenta de Agustin Laborda, vive en la Bolserìa ...,$c[between 1746 and 1774]
=300  \\$a1 online resource
=336  \\$atext$2rdacontent
=337  \\$acomputer$2rdamedia
=338  \\$aonline resources$2rdacarrier
=500  \\$aText printed in two columns.
=500  \\$aTwo separate illustrations at head of title.
=500  \\$aIn verse.
=500  \\$aCaption title.
=500  \\$aImprint from colophon.
=599  \\$aItem no. T73 in volume T.1957.$5Uk
=533  \\$aElectronic Reproduction$bLondon$cBritish Library$d2012$nItem no. T73 in volume T.1957.$5Uk
=650  \0$aJuan de Mendoza (Fictitious character)
=650  \0$aRape.
=650  \0$aAtrocities.
=650  \4$aViolación.
=650  \4$aAtrocidades.
=653  \1$aJuan de Mendoza (Personaje ficticio)
=655  \7$aChapbooks$zSpain.$2rbgenr
=662  \\$aSpain$dCórdoba$2lcsh-naf
=662  \\$aTunisia$2lcsh-naf
=700  1\$aLaborda, Agustín,$dactive 1746-1774,$eprinter.$5Uk
=752  \\$aSpain$dValencia.
=856  40$uhttp://cudl.lib.cam.ac.uk/view/PR-T-01957-00073$yCambridge Digital Library
=859  \\$aXLD$bCambridge Digital Library
=CAT  \\$aWR14_159$b00$c20141016$lBLL01$h1656
=CAT  \\$aWR14_181$c20150323$lBLL01$h1403
=CAT  \\$a14412$b40$c20170103$lBLL01$h1152
=CAT  \\$a9578$b40$c20170329$lBLL01$h1530
=CAT  \\$a9578$b40$c20170511$lBLL01$h1636
=CAT  \\$aW1606-1753$c20171028$lBLL01$h1604
=SRC  \\$aBLWrongdoing
=LAS  \\$aW1606-1753$b00$c20171028$lBLL01$h1604

