=LDR  02503 am a2200517 a 4500
=001  016895307
=003  Uk
=005  20140530172721.0
=006  m\\\\||\\d\|\\\\\\
=007  cr\|||||||||||
=008  140521q17531781sp\a\\\\o\\\\\000\0\spa\\
=FMT  \\$a  BK
=040  \\$aUkCU$beng$cUkCU$dUk
=245  10$aNuevo y curioso romance en el qual se refiere una lastimosa carta, que desde la ciudad de Argèl la embiò à su muger un soldado del Regimiento de España, llamado Francisco Hernandez, natural del Puerto de Santa Maria, por donde verán los tormentos y martyrios que padeciò entre los moros y el sentimiento que tuvo su esposa, oyendo la carta que le embiò su marido :$bcon todo lo demás que verà el curioso lector.
=260  \\$aCon licencia en Madrid :$bEn la Imprenta de Francisco Xavier Garcia, se hallarà en casa de Andrès de Sotos, mas abajo de la Porterìa de San Martin,$c[between 1753 and 1781?]
=300  \\$a1 online resource
=336  \\$atext$2rdacontent
=337  \\$acomputer$2rdamedia
=338  \\$aonline resources$2rdacarrier
=500  \\$aText printed in two columns.
=500  \\$aIn verse.
=500  \\$aIllustration incorporated within title.
=500  \\$aCaption title.
=500  \\$aIn two parts. Part two has title: "Segunda parte de la carta del cautivo del Puerto."
=599  \\$aItem no. T74 in volume T.1957.$5Uk
=533  \\$aElectronic Reproduction$bLondon$cBritish Library$d2012$nItem no. T74 in volume T.1957.$5Uk
=650  \0$aChristianity and other religions$xIslam.
=650  \0$aIslam$xRelations$xChristianity
=650  \4$aCristianismo y otras religiones$xIslamismo.
=650  \4$aIslamismo$xRelaciones$xCristianismo.
=650  \4$aCautivos.
=650  \4$aSoldados.
=655  \7$aChapbooks$zSpain.$2rbgenr
=662  \\$aSpain$dEl Puerto de Santa María$2lcsh-naf
=662  \\$aAlgeria$dAlgiers$2lcsh-naf
=700  1\$aGarcia, Francisco Xavier,$d1753-approximately 1781,$eprinter.$5Uk
=700  1\$aSotos, Andrés de,$dactive 1764-1792,$ebookseller.$5Uk
=740  02$aSegunda parte de la carta del cautivo del Puerto.
=752  \\$aSpain$dMadrid.
=856  40$uhttp://cudl.lib.cam.ac.uk/view/PR-T-01957-00074$yCambridge Digital Library
=859  \\$aXLD$bCambridge Digital Library
=CAT  \\$aWR14_159$b00$c20141016$lBLL01$h1656
=CAT  \\$aWR14_181$c20150323$lBLL01$h1403
=CAT  \\$aW1606-1753$c20171028$lBLL01$h1604
=SRC  \\$aBLWrongdoing
=LAS  \\$aW1606-1753$b00$c20171028$lBLL01$h1604

