=LDR  01963 am a2200505 a 4500
=001  016895308
=003  Uk
=005  20140530161047.0
=006  m\\\\||\\d\|\\\\\\
=007  cr\|||||||||||
=008  140521s1762\\\\sp\a\\\\o\\\\\000\0\spa\\
=FMT  \\$a  BK
=040  \\$aUkCU$beng$cUkCU$dUk
=245  00$aNueva relacion y curioso romance en que se refiere la gustosa y agradable historia del Santo Christo de Santa Thecla de la ciudad de Valencia, y la del cèlebre Simon Ansa :$bEl renegado de Francia.
=246  30$aRenegado de Francia
=260  \\$aCon licencia en Valencia :$bEn la imprenta de Agustin Laborda, vive en la Bolsería,$caño 1762.
=300  \\$a1 online resource
=336  \\$atext$2rdacontent
=337  \\$acomputer$2rdamedia
=338  \\$aonline resources$2rdacarrier
=500  \\$aText printed in two columns.
=500  \\$aIllustration at head of title.
=500  \\$aIn verse.
=500  \\$aCaption title.
=500  \\$aImprint from colophon.
=599  \\$aItem no. T75 in volume T.1957.$5Uk
=533  \\$aElectronic Reproduction$bLondon$cBritish Library$d2012$nItem no. T75 in volume T.1957.$5Uk
=650  \0$aChristian literature, Spanish.
=650  \0$aDevil.
=650  \4$aSimon Ansa (Fictitious character)
=650  \4$aLiteratura religiosa española.
=650  \4$aDemonio.
=653  \1$aSimon Ansa (Personaje ficticio)
=655  \7$aChapbooks$zSpain.$2rbgenr
=662  \\$aFrance$dMarseille$2lcsh-naf
=662  \\$aSpain$dValencia$2lcsh-naf
=700  1\$aLaborda, Agustín,$dactive 1746-1774,$eprinter.$5Uk
=752  \\$aSpain$dValencia.
=856  40$uhttp://cudl.lib.cam.ac.uk/view/PR-T-01957-00075$yCambridge Digital Library
=859  \\$aXLD$bCambridge Digital Library
=CAT  \\$aWR14_159$b00$c20141016$lBLL01$h1656
=CAT  \\$aWR14_181$c20150323$lBLL01$h1403
=CAT  \\$aW1606-1753$c20171028$lBLL01$h1604
=SRC  \\$aBLWrongdoing
=LAS  \\$aW1606-1753$b00$c20171028$lBLL01$h1604

