=LDR  02334 am a2200517 a 4500
=001  016895309
=003  Uk
=005  20140530161015.0
=006  m\\\\||\\d\|\\\\\\
=007  cr\|||||||||||
=008  140521q17461774sp\a\\\\o\\\\\000\0\spa\\
=FMT  \\$a  BK
=040  \\$aUkCU$beng$cUkCU$dUk
=245  00$aCurioso romance en que se refiere el tragico sucesso de un cavallero y una señora llamados Alonso Gonzalez y Doña Juana Perèa, naturales el uno del Peñòn y el otro de Melilla :$bDase cuenta como los cautivaron los moros, y del martirio que se executò en una hija suya : refierese tambien como por intercession de Nuestra Señora de la Victoria se rescataron los padres : y lo demàs que verà el curioso lector.
=260  \\$aSe hallarà en Valencia :$bEn casa de Agustin Laborda, vive en la Bolserìa,$c[between 1746 and 1774]
=300  \\$a1 online resource
=336  \\$atext$2rdacontent
=337  \\$acomputer$2rdamedia
=338  \\$aonline resources$2rdacarrier
=500  \\$aText printed in two columns.
=500  \\$aIllustration at head of title.
=500  \\$aIn verse.
=500  \\$aCaption title.
=500  \\$aImprint from colophon.
=599  \\$aItem no. T76 in volume T.1957.$5Uk
=533  \\$aElectronic Reproduction$bLondon$cBritish Library$d2012$nItem no. T76 in volume T.1957.$5Uk
=650  \4$aAlonso Gonzalez (Fictitious character)
=650  \4$aJuana Perea (Fictitious character)
=650  \0$aChristianity and other religions$xIslam.
=650  \0$aIslam$xRelations$xChristianity.
=650  \4$aCristianismo y otras religiones$xIslamismo.
=650  \4$aIslamismo$xRelaciones$xCristianismo.
=653  \1$aAlonso Gonzalez (Personaje ficticio)
=653  \1$aJuana Perea (Personaje ficticio)
=655  \7$aChapbooks$zSpain.$2rbgenr
=662  \\$aGibraltar$2lcsh-naf
=662  \\$aSpain$dMelilla$2lcsh-naf
=700  1\$aLaborda, Agustín,$dactive 1746-1774,$eprinter.$5Uk
=752  \\$aSpain$dValencia.
=856  40$uhttp://cudl.lib.cam.ac.uk/view/PR-T-01957-00076$yCambridge Digital Library
=859  \\$aXLD$bCambridge Digital Library
=CAT  \\$aWR14_159$b00$c20141016$lBLL01$h1656
=CAT  \\$aWR14_181$c20150323$lBLL01$h1403
=CAT  \\$aW1606-1753$c20171028$lBLL01$h1604
=SRC  \\$aBLWrongdoing
=LAS  \\$aW1606-1753$b00$c20171028$lBLL01$h1604

