=LDR  02669 am a2200553 a 4500
=001  016895310
=003  Uk
=005  20140530155905.0
=006  m\\\\||\\d\|\\\\\\
=007  cr\|||||||||||
=008  140521q17461774sp\a\\\\o\\\\\000\0\spa\d
=FMT  \\$a  BK
=040  \\$aUkCU$beng$cUkCU$dUk
=245  00$aRomance nuevo donde se refiere el mas admirable y prodigioso sucesso que hasta oy han oìdo los vivientes de un cavallero llamado Don Leonido de San Pedro, natural de Licata en el reyno de Sicilia, el qual, siendo cautivo, renegò :$brefierese la admirable conversion que tuvo por medio de haversele aparecido en trage de pastor Jesu-Christo nuestro redentor, y à vista de las insignias de su dolorosa passion, quedò arrepentido de su maldad, pues confessando su culpa, dexó el estado de su perdicion, siendo constante predicador de la catholica fè, pues fuè martyrizado en su defensa : como lo verà el curioso letor.
=246  30$aDon Leonido de San Pedro
=260  \\$aSe hallarà en Valencia :$bEn casa de Agustin Laborda, vive en la Bolserìa ...,,$c[between 1746 and 1774]
=300  \\$a1 online resource
=336  \\$atext$2rdacontent
=337  \\$acomputer$2rdamedia
=338  \\$aonline resources$2rdacarrier
=500  \\$aText printed in two columns.
=500  \\$aIn verse.
=500  \\$aIllustration at head of title.
=500  \\$aCaption title.
=500  \\$aImprint from colophon.
=599  \\$aItem no. T77 in volume T.1957.$5Uk
=533  \\$aElectronic Reproduction$bLondon$cBritish Library$d2012$nItem no. T77 in volume T.1957.$5Uk
=650  \0$aRepentance$xChristianity.
=650  \4$aLeonido de San Pedro (Fictitious character)
=650  \0$aChristianity and other religions$xIslam.
=650  \0$aIslam$xRelations$xChristianity.
=650  \0$aConversion$xChristianity.
=650  \4$aCristianismo y otras religiones$xIslamismo.
=650  \4$aIslamismo$xRelaciones$xCristianismo.
=650  \4$aConversión religiosa$xCristianismo.
=650  \4$aArrepentimiento$xCristianismo.
=650  \4$aCautivos.
=653  \1$aLeonido de San Pedro (Personaje ficticio)
=655  \7$aChapbooks$zSpain.$2rbgenr
=662  \\$aItaly$dLicata$2lcsh-naf
=700  1\$aLaborda, Agustín,$dactive 1746-1774,$eprinter.$5Uk
=752  \\$aSpain$dValencia.
=856  40$uhttp://cudl.lib.cam.ac.uk/view/PR-T-01957-00077$yCambridge Digital Library
=859  \\$aXLD$bCambridge Digital Library
=CAT  \\$aWR14_159$b00$c20141016$lBLL01$h1656
=CAT  \\$aWR14_181$c20150323$lBLL01$h1403
=CAT  \\$aW1606-1753$c20171028$lBLL01$h1604
=SRC  \\$aBLWrongdoing
=LAS  \\$aW1606-1753$b00$c20171028$lBLL01$h1604

