=LDR  02109 am a2200493 a 4500
=001  016895311
=003  Uk
=005  20140530160704.0
=006  m\\\\||\\d\|\\\\\\
=007  cr\|||||||||||
=008  140521q17461774sp\a\\\\o\\\\\000\0\spa\\
=FMT  \\$a  BK
=040  \\$aUkCU$beng$cUkCU$dUk
=100  1\$aOlmo Alfonso, Lucas del.
=245  10$aNueva relacion y curioso romance en que se refiere como una donzella natural de la ciudad de Valencia, se enamorò de un cavallero, hijo de la misma ciudad :$by como estando aguardandole una noche para hacerle dueño de su honor, la gozò otro cavallero valido de la industria de una criada : dase cuenta de la venganza que la dama tomò y lo demàs que verà el curioso lector /$ccompuesto por Lucas del Olmo, natural de Xerez de la Frontera.
=260  \\$aSe hallarà en Valencia :$bEn la imprenta de Agustin Laborda,$c[between 1746 and 1774]
=300  \\$a1 online resource
=336  \\$atext$2rdacontent
=337  \\$acomputer$2rdamedia
=338  \\$aonline resources$2rdacarrier
=500  \\$aText printed in two columns.
=500  \\$aIllustration at head of title.
=500  \\$aIn verse.
=500  \\$aCaption title.
=500  \\$aImprint from colophon.
=599  \\$aItem no. T78 in volume T.1957.$5Uk
=533  \\$aElectronic Reproduction$bLondon$cBritish Library$d2012$nItem no. T78 in volume T.1957.$5Uk
=650  \0$aWomen$xCrimes against.
=650  \0$aDeception.
=650  \0$aRevenge.
=650  \4$aMujeres$xDelitos contra las.
=650  \4$aEngaño.
=650  \4$aVenganza.
=655  \7$aChapbooks$zSpain.$2rbgenr
=662  \\$aSpain$dValencia$2lcsh-naf
=700  1\$aLaborda, Agustín,$dactive 1746-1774,$eprinter.$5Uk
=752  \\$aSpain$dValencia.
=856  40$uhttp://cudl.lib.cam.ac.uk/view/PR-T-01957-00078$yCambridge Digital Library
=859  \\$aXLD$bCambridge Digital Library
=CAT  \\$aWR14_159$b00$c20141016$lBLL01$h1656
=CAT  \\$aWR14_181$c20150323$lBLL01$h1403
=CAT  \\$aW1606-1753$c20171028$lBLL01$h1604
=SRC  \\$aBLWrongdoing
=LAS  \\$aW1606-1753$b00$c20171028$lBLL01$h1604

