=LDR  02124 am a2200493 a 4500
=001  016895312
=003  Uk
=005  20140530160716.0
=006  m\\\\||\\d\|\\\\\\
=007  cr\|||||||||||
=008  140521q17461774sp\a\\\\o\\\\\000\0\spa\d
=FMT  \\$a  BK
=040  \\$aUkCU$beng$cUkCU$dUk
=245  00$aNueva relacion y curioso romance en que se declara un caso que sucediò en la ciudad de Lisboa con un cavallero llamado Don Pedro de Roxas :$bdeclarase lo que le passò con una dama que se llamava Doña Antonia, à quien èl burlò cautelosamente : y tambien se refiere la bizarrìa con que la dama tomò la venganza desta ofensa por su propia mano : De Don Pedro de Roxas.
=246  30$aDe Don Pedro de Roxa
=260  \\$aSe hallarà en Valencia :$bEn la imprenta de Agustin Laborda, vive en la Bolserìa ...,$c[between 1746 and 1774]
=300  \\$a1 online resource
=336  \\$atext$2rdacontent
=337  \\$acomputer$2rdamedia
=338  \\$aonline resources$2rdacarrier
=500  \\$aText printed in two columns.
=500  \\$aIn verse.
=500  \\$aIllustration incorporated within title.
=500  \\$aCaption title.
=500  \\$aImprint from colophon.
=599  \\$aItem no. T79 in volume T.1957.$5Uk
=533  \\$aElectronic Reproduction$bLondon$cBritish Library$d2012$nItem no. T79 in volume T.1957.$5Uk
=650  \0$aMan-woman relationships.
=650  \0$aRevenge.
=650  \4$aPedro de Roxas (Fictitious character)
=650  \4$aRelaciones hombre-mujer.
=650  \4$aVenganza
=653  \1$aPedro de Roxas (Personaje ficticio)
=655  \7$aChapbooks$zSpain.$2rbgenr
=662  \\$aPortugal$dLisbon$2lcsh-naf
=700  1\$aLaborda, Agustín,$dactive 1746-1774,$eprinter.$5Uk
=752  \\$aSpain$dValencia.
=856  40$uhttp://cudl.lib.cam.ac.uk/view/PR-T-01957-00079$yCambridge Digital Library
=859  \\$aXLD$bCambridge Digital Library
=CAT  \\$aWR14_159$b00$c20141016$lBLL01$h1656
=CAT  \\$aWR14_181$c20150323$lBLL01$h1403
=CAT  \\$aW1606-1753$c20171028$lBLL01$h1604
=SRC  \\$aBLWrongdoing
=LAS  \\$aW1606-1753$b00$c20171028$lBLL01$h1604

