=LDR  02079 am a2200469 a 4500
=001  016895314
=003  Uk
=005  20140530160739.0
=006  m\\\\||\\d\|\\\\\\
=007  cr\|||||||||||
=008  140521q17461774sp\a\\\\o\\\\\000\0\spa\d
=FMT  \\$a  BK
=040  \\$aUkCU$beng$cUkCU$dUk
=245  00$aNueva relacion y curioso romance en que declara y da cuenta de un portentoso milagro que ha obrado el Santo Christo de Burgos, y su santissima madre la Virgen del Pilar, y los Santos Evangelios, con dos devotos suyos :$blibrando al uno del poder del demonio, y al otro dandole nueva vida : sucediò en la ciudad de Burgos : De Don Geronimo Morales.
=246  30$aDe Don Geronimo Morales
=260  \\$aSe hallarà en Valencia :$bEn la imprenta de Agustin Laborda, vive en la Bolsería ...,$c[between 1746 and 1774]
=300  \\$a1 online resource
=336  \\$atext$2rdacontent
=337  \\$acomputer$2rdamedia
=338  \\$aonline resources$2rdacarrier
=500  \\$aText printed in two columns.
=500  \\$aIn verse.
=500  \\$aTwo separate illustrations at head of title.
=500  \\$aCaption title.
=500  \\$aImprint from colophon.
=599  \\$aItem no. T81 in volume T.1957.$5Uk
=533  \\$aElectronic Reproduction$bLondon$cBritish Library$d2012$nItem no. T81 in volume T.1957.$5Uk
=650  \0$aPilar, Nuestra Señora del$xMiracles.
=650  \4$aPilar, Nuestra Señora del$xMilagros.
=650  \4$aGeronimo Morales (Fictitious character)
=653  \1$aGeronimo Morales (Personaje ficticio)
=655  \7$aChapbooks$zSpain.$2rbgenr
=662  \\$aSpain$dBurgos$2lcsh-naf
=700  1\$aLaborda, Agustín,$dactive 1746-1774,$eprinter.$5Uk
=752  \\$aSpain$dValencia.
=856  40$uhttp://cudl.lib.cam.ac.uk/view/PR-T-01957-00081$yCambridge Digital Library
=859  \\$aXLD$bCambridge Digital Library
=CAT  \\$aWR14_159$b00$c20141016$lBLL01$h1656
=CAT  \\$aWR14_181$c20150323$lBLL01$h1403
=CAT  \\$aW1606-1753$c20171028$lBLL01$h1604
=SRC  \\$aBLWrongdoing
=LAS  \\$aW1606-1753$b00$c20171028$lBLL01$h1604

