=LDR  02108 am a2200505 a 4500
=001  016895316
=003  Uk
=005  20140530160909.0
=006  m\\\\||\\d\|\\\\\\
=007  cr\|||||||||||
=008  140521q17001850sp\a\\\\o\\\\\000\0\spa\\
=FMT  \\$a  BK
=040  \\$aUkCU$beng$cUkCU$dUk
=245  00$aDon Juan de Flores :$bNuevo y curioso romance, en que se refieren los amores y cautiverio de Don Juan de Flores y Doña Laura y como por intercession de Nuestra Señora de la Cabeza y el glorioso San Antonio de Padua fueron libres : con lo demàs que verà el curioso lector.
=246  30$aNuevo y curioso romance, en que se refieren los amores y cautiverio de Don Juan de Flores y Doña Laura
=260  \\$aSe hallarà en Valencia :$bEn la imprenta de Agustin Laborda, vive en la Bolserìa ...,$c[between 1746 and 1774]
=300  \\$a1 online resource
=336  \\$atext$2rdacontent
=337  \\$acomputer$2rdamedia
=338  \\$aonline resources$2rdacarrier
=500  \\$aText printed in two columns.
=500  \\$aIn verse.
=500  \\$aIllustration at head of title.
=500  \\$aCaption title.
=599  \\$aItem no. T83 in volume T.1957.$5Uk
=533  \\$aElectronic Reproduction$bLondon$cBritish Library$d2012$nItem no. T83 in volume T.1957.$5Uk
=650  \0$aCaptivity.
=650  \0$aCourtship.
=650  \4$aJuan de Flores (Fictitious character)
=650  \4$aCautividad.
=650  \4$aEsclavos.
=650  \4$aCortejo amoroso.
=653  \1$aJuan de Flores (Personaje ficticio)
=655  \7$aChapbooks$zSpain.$2rbgenr
=662  \\$aSpain$dValencia$2lcsh-naf
=662  \\$aSpain$dAlicante$2lcsh-naf
=700  1\$aLaborda, Agustín,$dactive 1746-1774,$eprinter.$5Uk
=752  \\$aSpain$dValencia.
=856  40$uhttp://cudl.lib.cam.ac.uk/view/PR-T-01957-00083$yCambridge Digital Library
=859  \\$aXLD$bCambridge Digital Library
=CAT  \\$aWR14_159$b00$c20141016$lBLL01$h1656
=CAT  \\$aWR14_181$c20150323$lBLL01$h1403
=CAT  \\$aW1606-1753$c20171028$lBLL01$h1604
=SRC  \\$aBLWrongdoing
=LAS  \\$aW1606-1753$b00$c20171028$lBLL01$h1604

