=LDR  02099 am a2200517 a 4500
=001  016895317
=003  Uk
=005  20140530155954.0
=006  m\\\\||\\d\|\\\\\\
=007  cr\|||||||||||
=008  140521q17461774sp\a\\\\o\\\\\000\0\spa\\
=FMT  \\$a  BK
=040  \\$aUkCU$beng$cUkCU$dUk
=245  00$aNuevo y curioso romance en que se declaran los amores y cautiverio de dos amantes, el uno natural de la ciudad de Cadiz, y el otro del reyno de Valencia :$bDe D. Joseph del Villar y Doña Josepha de Guzmàn.
=246  30$aDe D. Joseph del Villar y Doña Josepha de Guzmàn
=260  \\$aSe hallarà en Valencia :$bEn la imprenta de Agustin Laborda, vive en la Bolserìa,$c[between 1746 and 1774]
=300  \\$a1 online resource
=336  \\$atext$2rdacontent
=337  \\$acomputer$2rdamedia
=338  \\$aonline resources$2rdacarrier
=500  \\$aText printed in two columns.
=500  \\$aThree separate illustrations at head of title.
=500  \\$aIn verse.
=500  \\$aCaption title.
=500  \\$aImprint from colophon.
=599  \\$aItem no. T84 in volume T.1957.$5Uk
=533  \\$aElectronic Reproduction$bLondon$cBritish Library$d2012$nItem no. T84 in volume T.1957.$5Uk
=650  \4$aJoseph del Villar (Fictitious character)
=650  \4$aJosepha de Guzman (Fictitious character)
=650  \0$aCourtship.
=650  \4$aCortejo amoroso.
=650  \4$aCautivos.
=653  \1$aJoseph del Villar (Personaje ficticio)
=653  \1$aJosepha de Guzman (Personaje ficticio)
=655  \7$aChapbooks$zSpain.$2rbgenr
=662  \\$aSpain$dCádiz$2lcsh-naf
=662  \\$aSpain$dValencia$2lcsh-naf
=700  1\$aLaborda, Agustín,$dactive 1746-1774,$eprinter.$5Uk
=752  \\$aSpain$dValencia.
=856  40$uhttp://cudl.lib.cam.ac.uk/view/PR-T-01957-00084$yCambridge Digital Library
=859  \\$aXLD$bCambridge Digital Library
=CAT  \\$aWR14_159$b00$c20141016$lBLL01$h1656
=CAT  \\$aWR14_181$c20150323$lBLL01$h1403
=CAT  \\$aW1606-1753$c20171028$lBLL01$h1604
=SRC  \\$aBLWrongdoing
=LAS  \\$aW1606-1753$b00$c20171028$lBLL01$h1604

