=LDR  02596 am a2200541 a 4500
=001  016895322
=003  Uk
=005  20140530173049.0
=006  m\\\\||\\d\|\\\\\\
=007  cr\|||||||||||
=008  140521s1760\\\\sp\a\\\\o\\\\\000\0\spa\\
=FMT  \\$a  BK
=040  \\$aUkCU$beng$cUkCU$dUk
=245  00$aCurioso y nuevo romance en que se refieren los amores de Don Luis de Tejada y Doña Isabel de la Paz, naturales de la ciudad de Barcelona :$bdase cuenta de como tuvieron una hija y de como fueron cautivos y renegaron, y se casaron padre è hija : y de como pasaron à Roma, à que los absolviesse el Padre Santo : refierese como se fueron à un desierto, donde murieron en opinion de Santos : D. Luis de Tejada y Doña Isabel de la Paz.
=246  3\$aD. Luis de Tejada y Doña Isabel de la Paz
=260  \\$aCon licencia en Madrid :$bEn la imprenta de Francisco Xavier García, calle de los Capellanes, se hallarà en la Lonja de papel de Andrès de Sotos, mas abaxo de la Porterìa de San Martin,$caño 1760.
=300  \\$a1 online resource
=336  \\$atext$2rdacontent
=337  \\$acomputer$2rdamedia
=338  \\$aonline resources$2rdacarrier
=500  \\$aText printed in two columns.
=500  \\$aIn verse.
=500  \\$aThree separate illustrations at head of title.
=500  \\$aCaption title.
=599  \\$aItem no. T89 in volume T.1957.$5Uk
=533  \\$aElectronic Reproduction$bLondon$cBritish Library$d2012$nItem no. T89 in volume T.1957.$5Uk
=650  \0$aChristianity and other religions$xIslam.
=650  \0$aIslam$xRelations$xChristianity.
=650  \0$aIncest.
=650  \4$aLuis de Tejada (Fictitious character)
=650  \4$aIsabel de la Paz (Fictitious character)
=650  \4$aCristianismo y otras religiones$xIslamismo.
=650  \4$aIslamismo$xRelaciones$xCristianismo.
=650  \4$aIncesto.
=653  \1$aLuis de Tejada (Personaje ficticio)
=653  \1$aIsabel de la Paz (Personaje ficticio)
=655  \7$aChapbooks$zSpain.$2rbgenr
=662  \\$aSpain$dBarcelona$2lcsh-naf
=700  1\$aGarcia, Francisco Xavier,$d1753-approximately 1781,$eprinter.$5Uk
=700  1\$aSotos, Andrés de,$dactive 1764-1792,$ebookseller.$5Uk
=752  \\$aSpain$dMadrid.
=856  40$uhttp://cudl.lib.cam.ac.uk/view/PR-T-01957-00089$yCambridge Digital Library
=859  \\$aXLD$bCambridge Digital Library
=CAT  \\$aWR14_159$b00$c20141016$lBLL01$h1656
=CAT  \\$aWR14_181$c20150323$lBLL01$h1403
=CAT  \\$aW1606-1753$c20171028$lBLL01$h1604
=SRC  \\$aBLWrongdoing
=LAS  \\$aW1606-1753$b00$c20171028$lBLL01$h1604

