=LDR  02384 am a2200493 a 4500
=001  016895323
=003  Uk
=005  20140530172827.0
=006  m\\\\||\\d\|\\\\\\
=007  cr\|||||||||||
=008  140521s1760\\\\sp\a\\\\o\\\\\000\0\spa\\
=FMT  \\$a  BK
=040  \\$aUkCU$beng$cUkCU$dUk
=245  00$aNueva relacion y curioso romance donde se refiere como saliendo à cazar un cavallero, encontrò en lo intrincado de un monte con una dama :$bla qual le contò como un amante suyo le havia sacado engañada de casa de sus padres y que despues que la gozò, la dexò en aquella sierra, donde havia vivido tres años con un osso : dase cuenta de la forma que dicha dama matò al amante, con todo lo demàs que verà el curioso lector : De D. Juan de Luna y Doña Leonarda.
=246  30$aDe D. Juan de Luna y Doña Leonarda
=260  \\$aCon licencia en Madrid :$bEn la imprenta de Francisco Xavier Garcia, calle de los Capellanes, se hallarà en la Lonja de papel de Andrès de Sotos, mas abaxo de la Porterìa de San Martin,$caño 1760.
=300  \\$a1 online resource
=336  \\$atext$2rdacontent
=337  \\$acomputer$2rdamedia
=338  \\$aonline resources$2rdacarrier
=500  \\$aText printed in two columns.
=500  \\$aTwo separate illustrations incorporated within title.
=500  \\$aIn verse.
=500  \\$aCaption title.
=500  \\$aImprint from colophon.
=599  \\$aItem no. T90 in volume T.1957.$5Uk
=533  \\$aElectronic Reproduction$bLondon$cBritish Library$d2012$nItem no. T90 in volume T.1957.$5Uk
=650  \4$aJuan de Luna (Fictitious character)
=650  \0$aWomen$xCrimes against.
=650  \0$aDeception.
=650  \4$aMujeres$xDelitos contra las.
=650  \4$aEngaño.
=653  \1$aJuan de Luna (Personaje ficticio)
=655  \7$aChapbooks$zSpain.$2rbgenr
=700  1\$aGarcia, Francisco Xavier,$d1753-approximately 1781,$eprinter.$5Uk
=700  1\$aSotos, Andrés de,$dactive 1764-1792,$ebookseller.$5Uk
=752  \\$aSpain$dMadrid.
=856  40$uhttp://cudl.lib.cam.ac.uk/view/PR-T-01957-00090$yCambridge Digital Library
=859  \\$aXLD$bCambridge Digital Library
=CAT  \\$aWR14_159$b00$c20141016$lBLL01$h1656
=CAT  \\$aWR14_181$c20150323$lBLL01$h1403
=CAT  \\$aW1606-1753$c20171028$lBLL01$h1604
=SRC  \\$aBLWrongdoing
=LAS  \\$aW1606-1753$b00$c20171028$lBLL01$h1604

