=LDR  02633 am a2200529 a 4500
=001  016895327
=003  Uk
=005  20140530160939.0
=006  m\\\\||\\d\|\\\\\\
=007  cr\|||||||||||
=008  140522q17461774sp\a\\\\o\\\\\000\0\spa\\
=FMT  \\$a  BK
=040  \\$aUkCU$beng$cUkCU$dUk
=245  00$aDe Don Cecilio del Villar :$bNuevo y curioso romance en que se da cuenta y declara los amores mas constantes de un cavallero llamado Don Cecilio del Villar y Doña Manuela de Torres : dàse cuenta como la sacò de casa de sus padres y llegando à la playa, al tiempo de embarcarse, encontraron con un hermano y dos primos de la dama, à donde fuè su primer batalla : refierese como se embarcaron y fueron cautivos de moros de Argèl, donde desembarcaron y fueron vendidos : con todo lo demàs que verà el curioso lector.
=246  30$aNuevo y curioso romance en que se da cuenta y declara los amores mas constantes de un cavallero llamado Don Cecilio del Villar y Doña Manuela de Torres
=260  \\$aSe hallarà en Valencia :$bEn la imprenta de Agustin Laborda y Campo, vive en la Bolserìa,$c[between 1746 and 1774]
=300  \\$a1 online resource
=336  \\$atext$2rdacontent
=337  \\$acomputer$2rdamedia
=338  \\$aonline resources$2rdacarrier
=500  \\$aText printed in two columns.
=500  \\$aIllustration at head of title.
=500  \\$aIn verse.
=500  \\$aCaption title.
=500  \\$aImprint from colophon.
=599  \\$aItem no. T94 in volume T.1957.$5Uk
=533  \\$aElectronic Reproduction$bLondon$cBritish Library$d2012$nItem no. T94 in volume T.1957.$5Uk
=650  \4$aCecilio del Villar (Fictitious character)
=650  \4$aManuela de Torres (Fictitious character)
=650  \0$aChristianity and other religions$xIslam.
=650  \0$aIslam$xRelations$xChristianity
=650  \4$aCristianismo y otras religiones$xIslamismo.
=650  \4$aIslamismo$xRelaciones$xCristianismo.
=650  \4$aCautivos.
=653  \1$aCecilio del Villar (Personaje ficticio)
=653  \1$aManuela de Torres (Personaje ficticio)
=655  \7$aChapbooks$zSpain.$2rbgenr
=662  \\$aAlgeria$dAlgiers$2lcsh-naf
=700  1\$aLaborda, Agustín,$dactive 1746-1774,$eprinter.$5Uk
=752  \\$aSpain$dValencia.
=856  40$uhttp://cudl.lib.cam.ac.uk/view/PR-T-01957-00094$yCambridge Digital Library
=859  \\$aXLD$bCambridge Digital Library
=CAT  \\$aWR14_159$b00$c20141016$lBLL01$h1656
=CAT  \\$aWR14_181$c20150323$lBLL01$h1403
=CAT  \\$aW1606-1753$c20171028$lBLL01$h1604
=SRC  \\$aBLWrongdoing
=LAS  \\$aW1606-1753$b00$c20171028$lBLL01$h1604

