=LDR  01963 am a2200433 a 4500
=001  016895328
=003  Uk
=005  20140522122126.0
=006  m\\\\||\\d\|\\\\\\
=007  cr\|||||||||||
=008  140522q17991850sp\a\\\\o\\\\\000\0\spa\\
=FMT  \\$a  BK
=040  \\$aUkCU$beng$cUkCU$dUk
=245  00$aNueva relacion y curioso romance en que se refiere el lastimoso caso que sucediò con una doncella, natural de Barcelona, que aviendola sacado un cavallero de casa de sus padres con palabra de casamiento, triunfò de su honor èl y dos compañeros suyos :$by despues de esta alevosìa, la diò cinco puñaladas y la dexaron por muerta en la espesura de un monte, donde fuè favorecida de un piadoso pastor, llevandola à poblado : y de la forma que fuè descubierto este sucesso y el fin que tuvo, como lo verá el curioso letor.
=260  \\$a[S.l. :$bs.n.,$cbetween 1799 and 1850?]
=300  \\$a1 online resource
=336  \\$atext$2rdacontent
=337  \\$acomputer$2rdamedia
=338  \\$aonline resources$2rdacarrier
=500  \\$aText printed in two columns.
=500  \\$aIn verse.
=500  \\$aThree separate illustrations at head of title.
=500  \\$aCaption title.
=599  \\$aItem no. T95 in volume T.1957.$5Uk
=533  \\$aElectronic Reproduction$bLondon$cBritish Library$d2012$nItem no. T95 in volume T.1957.$5Uk
=650  \0$aWomen$xCrimes against.
=650  \0$aDeception.
=650  \4$aMujeres$xDelitos contra las.
=650  \4$aEngaño.
=650  \4$aConventos.
=655  \7$aChapbooks$zSpain.$2rbgenr
=662  \\$aSpain$dBarcelona$2lcsh-naf
=856  40$uhttp://cudl.lib.cam.ac.uk/view/PR-T-01957-00095$yCambridge Digital Library
=859  \\$aXLD$bCambridge Digital Library
=CAT  \\$aWR14_159$b00$c20141016$lBLL01$h1656
=CAT  \\$aWR14_181$c20150323$lBLL01$h1403
=CAT  \\$aW1606-1753$c20171028$lBLL01$h1604
=SRC  \\$aBLWrongdoing
=LAS  \\$aW1606-1753$b00$c20171028$lBLL01$h1604

