=LDR  01940cam a2200469 a 4500
=001  016895330
=003  Uk
=005  20140530160643.0
=006  m\\\\||\\d\|\\\\\\
=007  cr\|||||||||||
=008  140522q17461774sp\a\\\\o\\\\\000\0\spa\d
=FMT  \\$a  BK
=040  \\$aUkCU$beng$cUkCU$dUk
=245  00$aNueva relacion y verdadero romance en que se refiere el infeliz cautiverio, loables aventuras de Androionico, natural de Esclavonia :$bdàse cuenta de los amores que tuvo y de lo que le sucediò con un leon, que reconocido à los beneficios que de èl avia recibido, se humillò à sus pies : y lo demàs que verà el curioso letor.
=260  \\$aSe hallarà en Valencia :$bEn la imprenta de Agustin Laborda, vive en la Bolsería ...,$c[between 1746 and 1774]
=300  \\$a1 online resource
=336  \\$atext$2rdacontent
=337  \\$acomputer$2rdamedia
=338  \\$aonline resources$2rdacarrier
=500  \\$aText printed in two columns.
=500  \\$aIn verse.
=500  \\$aIllustration at head of title.
=500  \\$aCaption title.
=500  \\$aImprint from colophon.
=599  \\$aItem no. T97 in volume T.1957.$5Uk
=533  \\$aElectronic Reproduction$bLondon$cBritish Library$d2012$nItem no. T97 in volume T.1957.$5Uk
=650  \0$aLion.
=650  \0$aEnslaved persons.
=650  \4$aLeones.
=650  \4$aEsclavos.
=655  \7$aChapbooks$zSpain.$2rbgenr
=662  \\$aNumidia$2lcsh-naf
=700  1\$aLaborda, Agustín,$dactive 1746-1774,$eprinter.$5Uk
=752  \\$aSpain$dValencia.
=856  40$uhttp://cudl.lib.cam.ac.uk/view/PR-T-01957-00097$yCambridge Digital Library
=859  \\$aXLD$bCambridge Digital Library
=CAT  \\$aWR14_159$b00$c20141016$lBLL01$h1656
=CAT  \\$aWR14_181$c20150323$lBLL01$h1403
=CAT  \\$aW1606-1753$c20171028$lBLL01$h1604
=CAT  \\$a11249$b40$c20230601$lBLL01$h1439
=SRC  \\$aBLWrongdoing
=LAS  \\$a11249$b40$c20230601$lBLL01$h1439

