=LDR  02279 am a2200517 a 4500
=001  016895333
=003  Uk
=005  20140530160946.0
=006  m\\\\||\\d\|\\\\\\
=007  cr\|||||||||||
=008  140522q17461774sp\a\\\\o\\\\\000\0\spa\\
=FMT  \\$a  BK
=040  \\$aUkCU$beng$cUkCU$dUk
=245  00$aDe Blas de Leon :$bVerdadera relacion y curioso romance en que se refiere y declara el riguroso castigo que executaron los moros de Argèl con un cautivo lamado Blas de Leon, natural de la villa de Ontiveros : dàse cuenta como fuè clavado en diez escarpias, donde estuvo tres dias vivo, predicando la fè de Jesu Christo : con todo lo demàs que verà el curioso letor.
=246  30$aVerdadera relacion y curioso romance en que se refiere y declara el riguroso castigo que executaron los moros de Argèl con un cautivo lamado Blas de Leon
=260  \\$aSe hallarà en Valencia :$bEn la imprenta de Agustin Laborda, vive en la Bolserìa ...,$c[between 1746 and 1774]
=300  \\$a1 online resource
=336  \\$atext$2rdacontent
=337  \\$acomputer$2rdamedia
=338  \\$aonline resources$2rdacarrier
=500  \\$aText printed in two columns.
=500  \\$aIllustration at head of title.
=500  \\$aIn verse.
=500  \\$aCaption title.
=500  \\$aImprint from colophon.
=599  \\$aItem no. T100 in volume T.1957.$5Uk
=533  \\$aElectronic Reproduction$bLondon$cBritish Library$d2012$nItem no. T100 in volume T.1957.$5Uk
=650  \0$aAtrocities.
=650  \0$aMurder.
=650  \4$aAtrocidades.
=650  \4$aAsesinato.
=650  \4$aBlas de Leon (Fictitious character)
=650  \4$aCautivos.
=653  1\$aBlas de Leon (Personaje ficticio)
=655  \7$aChapbooks$zSpain.$2rbgenr
=662  \\$aSpain$dMálaga$2lcsh-naf
=662  \\$aAlgeria$2lcsh-naf
=700  1\$aLaborda, Agustín,$dactive 1746-1774,$eprinter.$5Uk
=752  \\$aSpain$dValencia.
=856  40$uhttp://cudl.lib.cam.ac.uk/view/PR-T-01957-00100$yCambridge Digital Library
=859  \\$aXLD$bCambridge Digital Library
=CAT  \\$aWR14_159$b00$c20141016$lBLL01$h1656
=CAT  \\$aWR14_181$c20150323$lBLL01$h1403
=CAT  \\$aW1606-1753$c20171028$lBLL01$h1604
=SRC  \\$aBLWrongdoing
=LAS  \\$aW1606-1753$b00$c20171028$lBLL01$h1604

