=LDR  02376 am a2200517 a 4500
=001  016895334
=003  Uk
=005  20140807121936.0
=006  m\\\\||\\d\|\\\\\\
=007  cr\|||||||||||
=008  140522q17531781sp\a\\\\o\\\\\000\0\spa\\
=FMT  \\$a  BK
=040  \\$aUkCU$beng$cUkCU$dUk
=245  00$aDe Juan de Arévalo :$bNuevo y curioso romance del valeroso Juan de Arevalo, natural de la villa de Ossuna, en que se declaran sus valentìas, valerosos hechos y encuentros que ha tenido con Francisco Estevan y otros diferentes guapos : y como por desgracia se matò à sì propio : y lo demàs que verà el curioso.
=246  30$aNuevo y curioso romance del valeroso Juan de Arévalo, natural de la villa de Osuna
=260  \\$aCon licencia en Madrid :$bEn la imprenta de Francisco Xavier Garcia, se hallarà en casa de Andrès de Sotos, mas abaxo de la Portería de San Martin,$c[between 1753 and 1781?]
=300  \\$a1 online resource
=336  \\$atext$2rdacontent
=337  \\$acomputer$2rdamedia
=338  \\$aonline resources$2rdacarrier
=500  \\$aText printed in two columns.
=500  \\$aIn verse.
=500  \\$aTwo separate illustrations at head of title.
=500  \\$aCaption title.
=500  \\$aImprint from colophon.
=599  \\$aItem no. T101 in volume T.1957.$5Uk
=533  \\$aElectronic Reproduction$bLondon$cBritish Library$d2012$nItem no. T101 in volume T.1957.$5Uk
=650  \0$aBrigands and robbers.
=650  \4$aJuan de Arévalo (Fictitious character)
=650  \4$aFrancisco Estevan (Fictitious character)
=650  \4$aBandoleros.
=653  \1$aJuan de Arévalo (Personaje ficticio)
=653  \1$aFrancisco Estevan (Personaje ficticio)
=655  \7$aChapbooks$zSpain.$2rbgenr
=662  \\$aSpain$bAndalusia$2lcsh-naf
=662  \\$aSpain$dOsuna$2lcsh-naf
=700  1\$aGarcia, Francisco Xavier,$d1753-approximately 1781,$eprinter.$5Uk
=700  1\$aSotos, Andrés de,$dactive 1764-1792,$ebookseller.$5Uk
=752  \\$aSpain$dMadrid.
=856  40$uhttp://cudl.lib.cam.ac.uk/view/PR-T-01957-00101$yCambridge Digital Library
=859  \\$aXLD$bCambridge Digital Library
=CAT  \\$aWR14_159$b00$c20141016$lBLL01$h1656
=CAT  \\$aWR14_181$c20150323$lBLL01$h1403
=CAT  \\$aW1606-1753$c20171028$lBLL01$h1604
=SRC  \\$aBLWrongdoing
=LAS  \\$aW1606-1753$b00$c20171028$lBLL01$h1604

