=LDR  02914 am a2200541 a 4500
=001  016895335
=003  Uk
=005  20140531100527.0
=006  m\\\\||\\d\|\\\\\\
=007  cr\|||||||||||
=008  140522s1764\\\\sp\a\\\\o\\\\\000\0\spa\\
=FMT  \\$a  BK
=040  \\$aUkCU$beng$cUkCU$dUk
=245  00$aPrimera parte de los romances de Francisco Estevan, natural de la ciudad de Lucena.
=260  \\$aCon licencia en Madrid :$bEn la imprenta de Cruzada, se hallarà en casa de Andrès de Sotos, mas abajo de la Porterìa de S. Martin,$caño de 1764.
=300  \\$a1 online resource
=336  \\$atext$2rdacontent
=337  \\$acomputer$2rdamedia
=338  \\$aonline resources$2rdacarrier
=500  \\$aText printed in two columns.
=500  \\$aTwo separate illustrations at head of title; second, third, fourth and fith parts with two additional illustrations at head of title.
=500  \\$aIn verse.
=500  \\$aCaption title.
=500  \\$aImprint from colophon.
=500  \\$aIn five parts. Part two has title: "Segunda parte de la muerte, hechos y atrocidades del valiente Francisco Estevan, natural de la ciudad de Lucena.". Part three has title: "Tercera parte de los arrojos y valentias del guapo Francisco Estevan: refierense los arrestos que executó, y lo demàs que verá el curioso lector." Part four has title: "Quarta parte de los romances del guapo Francisco Estevan." Part five has title: "Quinta parte: Nueva relacion y curioso romance en que se dà cuenta de los hechos y atrocidades del valiente Francisco Estevan, natural de la ciudad de Lucena."
=599  \\$aItem no. T102 in volume T.1957.$5Uk
=533  \\$aElectronic Reproduction$bLondon$cBritish Library$d2012$nItem no. T102 in volume T.1957.$5Uk
=650  \0$aCriminals.
=650  \0$aBrigands and robbers.
=650  \4$aDelincuentes.
=650  \4$aBandoleros.
=650  \4$aFrancisco Esteban (Fictitious character)
=653  \1$aFrancisco Esteban (Personaje ficticio)
=655  \7$aChapbooks$zSpain.$2rbgenr
=662  \\$aSpain$dLucena$2lcsh-naf
=700  1\$aSotos, Andrés de,$dactive 1764-1792,$ebookseller.$5Uk
=740  02$aSegunda parte de la muerte, hechos y atrocidades del valiente Francisco Estevan.
=740  02$aTercera parte de los arrojos y valentias del guapo Francisco Estevan.
=740  02$aQuarta parte de los romances del guapo Francisco Estevan.
=740  02$aNueva relacion y curioso romance en que se dà cuenta de los hechos y atrocidades del valiente Francisco Estevan.
=752  \\$aSpain$dMadrid.
=856  40$uhttp://cudl.lib.cam.ac.uk/view/PR-T-01957-00102$yCambridge Digital Library
=859  \\$aXLD$bCambridge Digital Library
=CAT  \\$aWR14_159$b00$c20141016$lBLL01$h1656
=CAT  \\$aWR14_181$c20150323$lBLL01$h1403
=CAT  \\$aW1606-1753$c20171028$lBLL01$h1604
=SRC  \\$aBLWrongdoing
=LAS  \\$aW1606-1753$b00$c20171028$lBLL01$h1604

