=LDR  02042 am a2200457 a 4500
=001  016895336
=003  Uk
=005  20140531100740.0
=006  m\\\\||\\d\|\\\\\\
=007  cr\|||||||||||
=008  140522s1764\\\\sp\a\\\\o\\\\\000\0\spa\\
=FMT  \\$a  BK
=040  \\$aUkCU$beng$cUkCU$dUk
=245  03$aEl estudiante de Lorca :$bPrimera parte de los romances de la graciosa burla que hizo à cierto galán un estudiante en la ciudad de Lorca.
=260  \\$aCon licencia en Madrid :$bEn la imprenta de Cruzada, se hallarà en la lonja de papel de Andrès de Sotos, mas abajo de la Porterìa de San Martin,$caño de 1764.
=300  \\$a1 online resource
=336  \\$atext$2rdacontent
=337  \\$acomputer$2rdamedia
=338  \\$aonline resources$2rdacarrier
=500  \\$aText printed in two columns.
=500  \\$aIllustration incorporated within title; second part with additional illustration incorporated within title.
=500  \\$aIn verse.
=500  \\$aCaption title.
=500  \\$aImprint from colophon.
=500  \\$aIn two parts. Part two has title: "Segunda parte de los romances del estudiante de Lorca y como le hizo otra burla al mismo galàn."
=599  \\$aItem no. T50 in volume T.1954.$5Uk
=533  \\$aElectronic Reproduction$bLondon$cBritish Library$d2012$nItem no. T50 in volume T.1954.$5Uk
=650  \0$aStudents.
=650  \4$aEstudiantes.
=655  \7$aChapbooks$zSpain.$2rbgenr
=662  \\$aSpain$dLorca$2lcsh-naf
=700  1\$aSotos, Andrés de,$dactive 1764-1792,$eprinter.$5Uk
=740  02$aSegunda parte de los romances del estudiante de Lorca y como le hizo otra burla al mismo galàn.
=752  \\$aSpain$dMadrid.
=856  40$uhttp://cudl.lib.cam.ac.uk/view/PR-T-01954-00050$yCambridge Digital Library
=859  \\$aXLD$bCambridge Digital Library
=CAT  \\$aWR14_159$b00$c20141016$lBLL01$h1656
=CAT  \\$aWR14_181$c20150323$lBLL01$h1403
=CAT  \\$aW1606-1753$c20171028$lBLL01$h1604
=SRC  \\$aBLWrongdoing
=LAS  \\$aW1606-1753$b00$c20171028$lBLL01$h1604

