=LDR  02367 am a2200505 a 4500
=001  016895337
=003  Uk
=005  20140522134351.0
=006  m\\\\||\\d\|\\\\\\
=007  cr\|||||||||||
=008  140522q17461774sp\a\\\\o\\\\\000\0\spa\\
=FMT  \\$a  BK
=040  \\$aUkCU$beng$cUkCU$dUk
=245  00$aPrimera parte de los valerosos hechos del invencible Pedro Romero, natural de la ciudad de Almería, por los amores de una hermosa dama, llamada Doña Magdalena del Rio :$by lo demás que verá el curioso lector.
=260  \\$aSe hallarà en Valencia :$bEn casa de Agustin Laborda, vive en la Bolserìa ...,$c[between 1746 and 1774]
=300  \\$a1 online resource
=336  \\$atext$2rdacontent
=337  \\$acomputer$2rdamedia
=338  \\$aonline resources$2rdacarrier
=500  \\$aText printed in two columns.
=500  \\$aTwo separate llustrations at head of title; second part with additional illustration at head of title.
=500  \\$aIn verse.
=500  \\$aCaption title.
=500  \\$aImprint from colophon.
=500  \\$aIn two parts. Part two has title: "Segunda parte en que prosiguen los arrestos del invencible Pedro Romero, el qual sacò de su casa á la dicha Doña Magdalena del Rio y se casò con ella, a pesar de todos sus contrarios y por sus nobles hazañas le perdonaron las muertes cometidas, con todo lo demàs que verà el curioso lector.
=599  \\$aItem no. T55 in volume T.1954.$5Uk
=533  \\$aElectronic Reproduction$bLondon$cBritish Library$d2012$nItem no. T55 in volume T.1954.$5Uk
=600  14$aPedro Romero (Fictitious character)
=600  14$aMagdalena del Rio (Fictitious character)
=650  \0$aBrigands and robbers.
=650  \0$aCourtship.
=650  \4$aBandoleros.
=650  \4$aCortejo amoroso.
=653  \1$aPedro Romero (Personaje ficticio)
=653  \1$aMagdalena del Rio (Personaje ficticio)
=655  \7$aChapbooks$zSpain.$2rbgenr
=662  \\$aSpain$dAlmería$2lcsh-naf
=752  \\$aSpain$dValencia.
=856  40$uhttp://cudl.lib.cam.ac.uk/view/PR-T-01954-00055$yCambridge Digital Library
=859  \\$aXLD$bCambridge Digital Library
=CAT  \\$aWR14_159$b00$c20141016$lBLL01$h1656
=CAT  \\$aWR14_181$c20150323$lBLL01$h1403
=CAT  \\$aW1606-1753$c20171028$lBLL01$h1604
=SRC  \\$aBLWrongdoing
=LAS  \\$aW1606-1753$b00$c20171028$lBLL01$h1604

