=LDR  01770 am a2200457 a 4500
=001  016895339
=003  Uk
=005  20140531100343.0
=006  m\\\\||\\d\|\\\\\\
=007  cr\|||||||||||
=008  140522q17641792sp\a\\\\o\\\\\000\0\spa\d
=FMT  \\$a  BK
=040  \\$aUkCU$beng$cUkCU$dUk
=245  00$aRelacion nueva Agravio desagraviado y la verdad con su triumfo :$bel valor bien empleado por la hermosa Doña Blanca.
=246  30$aValor bien empleado por la hermosa Doña Blanca
=260  \\$aCon licencia en Madrid :$bSe hallarà en la Lonja de Papel de Andrès de Sotos, mas abaxo de la Porterìa de S. Martin,$c[between 1764 and 1792]
=300  \\$a1 online resource
=336  \\$atext$2rdacontent
=337  \\$acomputer$2rdamedia
=338  \\$aonline resources$2rdacarrier
=500  \\$aText printed in two columns.
=500  \\$aIn verse.
=500  \\$aTwo separate illustrations at head of title.
=500  \\$aCaption title.
=500  \\$aImprint from colophon.
=599  \\$aItem no. T2 in volume T.1953.$5Uk
=533  \\$aElectronic Reproduction$bLondon$cBritish Library$d2012$nItem no. T2 in volume T.1953.$5Uk
=650  \0$aCourage.
=650  \4$aValentía.
=655  \7$aChapbooks$zSpain.$2rbgenr
=662  \\$aFlanders$2lcsh-naf
=662  \\$aFrance$dParis$2lcsh-naf
=700  1\$aSotos, Andrés de,$dactive 1764-1792,$eprinter.$5Uk
=752  \\$aSpain$dMadrid.
=856  40$uhttp://cudl.lib.cam.ac.uk/view/PR-T-01953-00002$yCambridge Digital Library
=859  \\$aXLD$bCambridge Digital Library
=CAT  \\$aWR14_159$b00$c20141016$lBLL01$h1656
=CAT  \\$aWR14_181$c20150323$lBLL01$h1403
=CAT  \\$aW1606-1753$c20171028$lBLL01$h1604
=SRC  \\$aBLWrongdoing
=LAS  \\$aW1606-1753$b00$c20171028$lBLL01$h1604

