=LDR  01805 am a2200481 a 4500
=001  016895340
=003  Uk
=005  20140531100925.0
=006  m\\\\||\\d\|\\\\\\
=007  cr\|||||||||||
=008  140522s1764\\\\sp\\\\\\o\\\\\000\0\spa\\
=FMT  \\$a  BK
=040  \\$aUkCU$beng$cUkCU$dUk
=245  03$aLa cueva de San Patricio :$bprimera parte.
=260  \\$aCon licencia en Madrid :$bEn la imprenta de Cruzada, se hallarà en la lonja de papel de Andrès de Sotos, mas abajo de la Porterìa de San Martin,$caño de 1764.
=300  \\$a1 online resource
=336  \\$atext$2rdacontent
=337  \\$acomputer$2rdamedia
=338  \\$aonline resources$2rdacarrier
=500  \\$aThree sepallustration at head of title; second part with three additional illustrations at head of title.
=500  \\$aText printed in two columns.
=500  \\$aIn verse.
=500  \\$aCaption title.
=500  \\$aImprint from colophon.
=500  \\$aIn two parts.
=599  \\$aItem no. T3 in volume T.1953.$5Uk
=533  \\$aElectronic Reproduction$bLondon$cBritish Library$d2012$nItem no. T3 in volume T.1953.$5Uk
=650  \0$aChristian literature, Spanish.
=650  \0$aHell.
=650  \0$aHeaven.
=650  \4$aLiteratura religiosa española.
=650  \4$aInfierno.
=650  \4$aCielo.
=655  \7$aChapbooks$zSpain.$2rbgenr
=700  1\$aSotos, Andrés de,$dactive 1764-1792,$ebookseller.$5Uk
=752  \\$aSpain$dMadrid.
=856  40$uhttp://cudl.lib.cam.ac.uk/view/PR-T-01953-00003$yCambridge Digital Library
=859  \\$aXLD$bCambridge Digital Library
=CAT  \\$aWR14_159$b00$c20141016$lBLL01$h1656
=CAT  \\$aWR14_181$c20150323$lBLL01$h1403
=CAT  \\$aW1606-1753$c20171028$lBLL01$h1604
=SRC  \\$aBLWrongdoing
=LAS  \\$aW1606-1753$b00$c20171028$lBLL01$h1604

