=LDR  01701 am a2200409 a 4500
=001  016895342
=003  Uk
=005  20140523111650.0
=006  m\\\\||\\d\|\\\\\\
=007  cr\|||||||||||
=008  140523q17461774sp\\\\\\o\\\\\000\0\spa\d
=FMT  \\$a  BK
=040  \\$aUkCU$beng$cUkCU$dUk
=245  00$aRelacion ingeniosa y nueva donde se declara con rhetoricos soliloquios, fuertes razones, y argumentos, quièn sea el Amor, què efectos causa tan contrarios en el sugeto que le tiene, y que no puede ser Deydad quien à un mismo tiempo mata, y dà vida /$ccompuesta por un ingenio cordobès, de los mayores que ha tenido el Andalucia toda.
=260  \\$aSe hallarà en Valencia :$bEn la imprenta de Agustin Laborda,$c[between 1746 and 1774]
=300  \\$a1 online resource
=336  \\$atext$2rdacontent
=337  \\$acomputer$2rdamedia
=338  \\$aonline resources$2rdacarrier
=500  \\$aText printed in two columns.
=500  \\$aIn verse.
=500  \\$aCaption title.
=500  \\$aImprint from colophon.
=599  \\$aItem no. T5 in volume T.1953.$5Uk
=533  \\$aElectronic Reproduction$bLondon$cBritish Library$d2012$nItem no. T5 in volume T.1953.$5Uk
=650  \0$aLove.
=650  \4$aAmor.
=655  \7$aChapbooks$zSpain.$2rbgenr
=662  \\$aSpain$gAndalusia$2lcsh-naf
=752  \\$aSpain$dValencia.
=856  40$uhttp://cudl.lib.cam.ac.uk/view/PR-T-01953-00005$yCambridge Digital Library
=859  \\$aXLD$bCambridge Digital Library
=CAT  \\$aWR14_159$b00$c20141016$lBLL01$h1656
=CAT  \\$aWR14_181$c20150323$lBLL01$h1403
=CAT  \\$aW1606-1753$c20171028$lBLL01$h1604
=SRC  \\$aBLWrongdoing
=LAS  \\$aW1606-1753$b00$c20171028$lBLL01$h1604

