=LDR  01842 am a2200457 a 4500
=001  016895350
=003  Uk
=005  20140523123807.0
=006  m\\\\||\\d\|\\\\\\
=007  cr\|||||||||||
=008  140523q17461774sp\\\\\\o\\\\\000\0\spa\\
=FMT  \\$a  BK
=040  \\$aUkCU$beng$cUkCU$dUk
=245  00$aColoquio de la comedia :$bMudanzas de la fortuna y firmezas de amor.
=246  30$aMudanzas de la fortuna y firmezas de amor
=260  \\$aSe hallarà en Valencia :$bEn la imprenta de Agustin Laborda, vive en la Bolserìa ...,$c[between 1746 and 1774]
=300  \\$a1 online resource
=336  \\$atext$2rdacontent
=337  \\$acomputer$2rdamedia
=338  \\$aonline resources$2rdacarrier
=500  \\$aText printed in two columns.
=500  \\$aIn verse.
=500  \\$aCaption title.
=500  \\$aImprint from colophon.
=500  \\$a"Relacion de un ingenio incognito en que pinta las perfecciones de Cintia su amante con hyperboles tan delicados y encomiosos que no dexa que poder adelantar al ingenio mas sutil": p. [2-4].
=599  \\$aItem no. T13 in volume T.1953.$5Uk
=533  \\$aElectronic Reproduction$bLondon$cBritish Library$d2012$nItem no. T13 in volume T.1953.$5Uk
=650  \0$aSpanish drama.
=650  \0$aLove.
=650  \4$aTeatro español.
=650  \4$aAmor.
=655  \7$aChapbooks$zSpain.$2rbgenr
=740  02$aRelacion de un ingenio incognito en que pinta las perfecciones de Cintia su amante.
=752  \\$aSpain$dValencia.
=856  40$uhttp://cudl.lib.cam.ac.uk/view/PR-T-01953-00013$yCambridge Digital Library
=859  \\$aXLD$bCambridge Digital Library
=CAT  \\$aWR14_159$b00$c20141016$lBLL01$h1656
=CAT  \\$aWR14_181$c20150323$lBLL01$h1403
=CAT  \\$aW1606-1753$c20171028$lBLL01$h1604
=SRC  \\$aBLWrongdoing
=LAS  \\$aW1606-1753$b00$c20171028$lBLL01$h1604

