=LDR  01619 am a2200409 a 4500
=001  016895354
=003  Uk
=005  20140523141755.0
=006  m\\\\||\\d\|\\\\\\
=007  cr\|||||||||||
=008  140523q17461774sp\a\\\\o\\\\\000\0\spa\\
=FMT  \\$a  BK
=040  \\$aUkCU$beng$cUkCU$dUk
=245  00$aRelacion nueva para cantar y representar que declara las condiciones, vicios y propriedades de las señoras mugeres, motejandolas en todo :$by lo que à esto responde una doncella en contra de los hombres.
=260  \\$aSe hallarà en Valencia :$bEn la imprenta de Agustin Laborda,$c[between 1746 and 1774]
=300  \\$a1 online resource
=336  \\$atext$2rdacontent
=337  \\$acomputer$2rdamedia
=338  \\$aonline resources$2rdacarrier
=500  \\$aText printed in two columns.
=500  \\$aTwo separate illustrations below title.
=500  \\$aIn verse.
=500  \\$aCaption title.
=500  \\$aImprint from colophon.
=599  \\$aItem no. T17 in volume T.1953.$5Uk
=533  \\$aElectronic Reproduction$bLondon$cBritish Library$d2012$nItem no. T17 in volume T.1953.$5Uk
=650  \0$aWomen$xConduct of life.
=650  \4$aMujeres$xConducta de vida.
=655  \7$aChapbooks$zSpain.$2rbgenr
=752  \\$aSpain$dValencia.
=856  40$uhttp://cudl.lib.cam.ac.uk/view/PR-T-01953-00017$yCambridge Digital Library
=859  \\$aXLD$bCambridge Digital Library
=CAT  \\$aWR14_159$b00$c20141016$lBLL01$h1656
=CAT  \\$aWR14_181$c20150323$lBLL01$h1403
=CAT  \\$aW1606-1753$c20171028$lBLL01$h1604
=SRC  \\$aBLWrongdoing
=LAS  \\$aW1606-1753$b00$c20171028$lBLL01$h1604

