=LDR  01441 am a2200445 a 4500
=001  016895357
=003  Uk
=005  20140523143734.0
=006  m\\\\||\\d\|\\\\\\
=007  cr\|||||||||||
=008  140523q17991850sp\a\\\\o\\\\\000\0\spa\\
=FMT  \\$a  BK
=040  \\$aUkCU$beng$cUkCU$dUk
=245  00$aRelacion de la comedia Rendirse a la obligacion.
=246  30$aRendirse a la obligacion
=260  \\$a[S.l. :$bs.n.,$cbetween 1799 and 1850?]
=300  \\$a1 online resource
=336  \\$atext$2rdacontent
=337  \\$acomputer$2rdamedia
=338  \\$aonline resources$2rdacarrier
=500  \\$aText printed in two columns.
=500  \\$aIn verse.
=500  \\$aCaption title.
=599  \\$aItem no. T20 in volume T.1953.$5Uk
=533  \\$aElectronic Reproduction$bLondon$cBritish Library$d2012$nItem no. T20 in volume T.1953.$5Uk
=650  \0$aLove.
=650  \0$aJealousy.
=650  \4$aAmor.
=650  \4$aCelos.
=650  \4$aBodas.
=655  \7$aChapbooks$zSpain.$2rbgenr
=662  \\$aItaly$dNaples$2lcsh-naf
=662  \\$aFrance$dBrittany$2lcsh-naf
=856  40$uhttp://cudl.lib.cam.ac.uk/view/PR-T-01953-00020$yCambridge Digital Library
=859  \\$aXLD$bCambridge Digital Library
=CAT  \\$aWR14_159$b00$c20141016$lBLL01$h1656
=CAT  \\$aWR14_181$c20150323$lBLL01$h1403
=CAT  \\$aW1606-1753$c20171028$lBLL01$h1604
=SRC  \\$aBLWrongdoing
=LAS  \\$aW1606-1753$b00$c20171028$lBLL01$h1604

