=LDR  01611 am a2200445 a 4500
=001  016895364
=003  Uk
=005  20140523151316.0
=006  m\\\\||\\d\|\\\\\\
=007  cr\|||||||||||
=008  140523s1758\\\\sp\a\\\\o\\\\\000\0\spa\\
=FMT  \\$a  BK
=040  \\$aUkCU$beng$cUkCU$dUk
=100  0\$aGalan
=245  10$aRelacion de la comedia La vida es sueño de Don Pedro Calderon de la Barca /$cGalan.
=246  30$aVida es sueño
=260  \\$aCon licencia en Valencia :$bEn la imprenta de Agustin Laborda, vive en la Bolserìa,$caño 1758.
=300  \\$a1 online resource
=336  \\$atext$2rdacontent
=337  \\$acomputer$2rdamedia
=338  \\$aonline resources$2rdacarrier
=500  \\$aText printed in two columns.
=500  \\$aIllustration at head of title.
=500  \\$aIn verse.
=500  \\$aCaption title.
=500  \\$aImprint from colophon.
=599  \\$aItem no. T29 in volume T.1953.$5Uk
=533  \\$aElectronic Reproduction$bLondon$cBritish Library$d2012$nItem no. T29 in volume T.1953.$5Uk
=650  \0$aSpanish drama
=650  \4$aTeatro español.
=655  \7$aChapbooks$zSpain.$2rbgenr
=700  1\$aCalderón de la Barca, Pedro,$d1600-1681.$tVida es sueño.
=752  \\$aSpain$dValencia.
=856  40$uhttp://cudl.lib.cam.ac.uk/view/PR-T-01953-00029$yCambridge Digital Library
=859  \\$aXLD$bCambridge Digital Library
=CAT  \\$aWR14_159$b00$c20141016$lBLL01$h1656
=CAT  \\$aWR14_181$c20150323$lBLL01$h1403
=CAT  \\$aW1606-1753$c20171028$lBLL01$h1604
=SRC  \\$aBLWrongdoing
=LAS  \\$aW1606-1753$b00$c20171028$lBLL01$h1604

