=LDR  01567 am a2200445 a 4500
=001  016895368
=003  Uk
=005  20140523152503.0
=006  m\\\\||\\d\|\\\\\\
=007  cr\|||||||||||
=008  140523q17461774sp\\\\\\o\\\\\000\0\spa\d
=FMT  \\$a  BK
=040  \\$aUkCU$beng$cUkCU$dUk
=100  1\$aCarbonel, Francisco.
=245  10$aRelacion No cabe mas en amor :$bni hay amor firme sin zelos /$cdel Doctor Don Francisco Carbonel.
=246  30$aNo cabe mas en amor
=260  \\$aSe hallarà en Valencia :$bEn la imprenta de Agustin Laborda y Campo, vive en la Bolserìa,$c[between 1746 and 1774]
=300  \\$a1 online resource
=336  \\$atext$2rdacontent
=337  \\$acomputer$2rdamedia
=338  \\$aonline resources$2rdacarrier
=500  \\$aText printed in two columns.
=500  \\$aIn verse.
=500  \\$aCaption title.
=500  \\$aImprint from colophon.
=599  \\$aItem no. T33 in volume T.1953.$5Uk
=533  \\$aElectronic Reproduction$bLondon$cBritish Library$d2012$nItem no. T33 in volume T.1953.$5Uk
=650  \0$aLove.
=650  \0$aJealousy.
=650  \4$aAmor.
=650  \4$aCelos.
=655  \7$aChapbooks$zSpain.$2rbgenr
=752  \\$aSpain$dValencia.
=856  40$uhttp://cudl.lib.cam.ac.uk/view/PR-T-01953-00033$yCambridge Digital Library
=859  \\$aXLD$bCambridge Digital Library
=CAT  \\$aWR14_159$b00$c20141016$lBLL01$h1656
=CAT  \\$aWR14_181$c20150323$lBLL01$h1403
=CAT  \\$aW1606-1753$c20171028$lBLL01$h1604
=SRC  \\$aBLWrongdoing
=LAS  \\$aW1606-1753$b00$c20171028$lBLL01$h1604

