=LDR  01752 am a2200469 a 4500
=001  016895374
=003  Uk
=005  20140523161239.0
=006  m\\\\||\\d\|\\\\\\
=007  cr\|||||||||||
=008  140523q17461774sp\a\\\\o\\\\\000\0\spa\\
=FMT  \\$a  BK
=040  \\$aUkCU$beng$cUkCU$dUk
=100  1\$aCubillo de Aragón, Álvaro,$d1590-1661.
=245  10$aRelacion de la comedia intitulada Los desagravios de Christo /$cde Alvaro Cubillo de Aragon.
=246  30$aDesagravios de Christo
=260  \\$aSe hallarà en Valencia :$bEn la imprenta de Agustin Laborda, vive en la Bolserìa,$c[between 1746 and 1774]
=300  \\$a1 online resource
=336  \\$atext$2rdacontent
=337  \\$acomputer$2rdamedia
=338  \\$aonline resources$2rdacarrier
=500  \\$aText printed in two columns.
=500  \\$aIllustration below title.
=500  \\$aIn verse.
=500  \\$aCaption title.
=500  \\$aImprint from colophon.
=599  \\$aItem no. T39 in volume T.1953.$5Uk
=533  \\$aElectronic Reproduction$bLondon$cBritish Library$d2012$nItem no. T39 in volume T.1953.$5Uk
=650  \0$aChristian literature, Spanish.
=650  \0$aSpanish drama (Comedy)
=650  \4$aLiteratura religiosa española.
=650  \4$aComedia española.
=655  \7$aChapbooks$zSpain.$2rbgenr.
=752  \\$aSpain$dValencia.
=856  40$uhttp://cudl.lib.cam.ac.uk/view/PR-T-01953-00039$yCambridge Digital Library
=859  \\$aXLD$bCambridge Digital Library
=CAT  \\$aWR14_159$b00$c20141016$lBLL01$h1656
=CAT  \\$aWR14_181$c20150323$lBLL01$h1403
=CAT  \\$aW1606-1753$c20171028$lBLL01$h1604
=CAT  \\$aBATCH-UPD$b00$c20210919$lBLL01$h2105
=SRC  \\$aBLWrongdoing
=LAS  \\$aBATCH-UPD$b00$c20210919$lBLL01$h2105

