=LDR  01646 am a2200457 a 4500
=001  016895377
=003  Uk
=005  20140523162238.0
=006  m\\\\||\\d\|\\\\\\
=007  cr\|||||||||||
=008  140523s1758\\\\sp\a\\\\o\\\\\000\0\spa\\
=FMT  \\$a  BK
=040  \\$aUkCU$beng$cUkCU$dUk
=100  1\$aPérez de Montalván, Juan,$d1602-1638.
=245  10$aRelacion de muger de la comedia :$bLo que son juicios del Cielo /$cdel Doctor Juan Perez de Montalvàn.
=246  30$aLo que son juicios del Cielo
=260  \\$aCon licencia en Valencia :$bEn la imprenta de Agustin Laborda,$caño 1758.
=300  \\$a1 online resource
=336  \\$atext$2rdacontent
=337  \\$acomputer$2rdamedia
=338  \\$aonline resources$2rdacarrier
=500  \\$aText printed in two columns.
=500  \\$aIn verse.
=500  \\$aTwo separate illustrations below title.
=500  \\$aCaption title.
=500  \\$aImprint from colophon.
=599  \\$aItem no. T42 in volume T.1953.$5Uk
=533  \\$aElectronic Reproduction$bLondon$cBritish Library$d2012$nItem no. T42 in volume T.1953.$5Uk
=650  \0$aFathers and daughters.
=650  \0$aSadness.
=650  \4$aPadres e hijas.
=650  \4$aTristeza.
=655  \7$aChapbooks$zSpain.$2rbgenr
=752  \\$aSpain$dValencia.
=856  40$uhttp://cudl.lib.cam.ac.uk/view/PR-T-01953-00042$yCambridge Digital Library
=859  \\$aXLD$bCambridge Digital Library
=CAT  \\$aWR14_159$b00$c20141016$lBLL01$h1656
=CAT  \\$aWR14_181$c20150323$lBLL01$h1403
=CAT  \\$aW1606-1753$c20171028$lBLL01$h1604
=SRC  \\$aBLWrongdoing
=LAS  \\$aW1606-1753$b00$c20171028$lBLL01$h1604

