=LDR  01483 am a2200457 a 4500
=001  016895379
=003  Uk
=005  20140523171426.0
=006  m\\\\||\\d\|\\\\\\
=007  cr\|||||||||||
=008  140523q17991850sp\\\\\\o\\\\\000\0\spa\\
=FMT  \\$a  BK
=040  \\$aUkCU$beng$cUkCU$dUk
=100  1\$aZarale, Fernando.
=245  10$aRelacion Las missas de San Vicente /$cde Don Fernando Zarale.
=246  30$aMissas de San Vicente
=260  \\$a[S.l. :$bs.n.,$cbetween 1799 and 1850?]
=300  \\$a1 online resource
=336  \\$atext$2rdacontent
=337  \\$acomputer$2rdamedia
=338  \\$aonline resources$2rdacarrier
=500  \\$aText printed in two columns.
=500  \\$aIn verse.
=500  \\$aCaption title.
=599  \\$aItem no. T44 in volume T.1953.$5Uk
=533  \\$aElectronic Reproduction$bLondon$cBritish Library$d2012$nItem no. T44 in volume T.1953.$5Uk
=650  \0$aTreason.
=650  \0$aMurder.
=650  \0$aPunishment.
=650  \4$aTraición.
=650  \4$aAsesinato.
=650  \4$aPenas.
=655  \7$aChapbooks$zSpain.$2rbgenr
=662  \\$aSpain$dValencia$2lcsh-naf
=856  40$uhttp://cudl.lib.cam.ac.uk/view/PR-T-01953-00044$yCambridge Digital Library
=859  \\$aXLD$bCambridge Digital Library
=CAT  \\$aWR14_159$b00$c20141016$lBLL01$h1656
=CAT  \\$aWR14_181$c20150323$lBLL01$h1403
=CAT  \\$aW1606-1753$c20171028$lBLL01$h1604
=SRC  \\$aBLWrongdoing
=LAS  \\$aW1606-1753$b00$c20171028$lBLL01$h1604

