=LDR  01486 am a2200433 i 4500
=001  016895391
=003  Uk
=005  20140526140537.0
=006  m\\\\||\\d\|\\\\\\
=007  cr\|||||||||||
=008  140524q17991850sp\a\\\\o\\\\\000\0\spa\\
=FMT  \\$a  BK
=040  \\$aUkCU$beng$cUkCU$dUk
=043  \\$ae-it---
=245  00$aRelacion La vandolera de Italia /$cde un ingenio de Madrid.
=246  30$aVandolera de Italia
=260  \\$a[S.l. :$bs.n.,$cbetween 1799 and 1850?]
=300  \\$a1 online resource
=336  \\$atext$2rdacontent
=337  \\$acomputer$2rdamedia
=338  \\$aonline resources$2rdacarrier
=500  \\$aText printed in two columns.
=500  \\$aIn verse.
=500  \\$aThree separate illustrations at head of title.
=500  \\$aCaption title.
=500  \\$aImprint from colophon.
=599  \\$aItem no. T57 in volume T.1953.$5Uk
=533  \\$aElectronic Reproduction$bLondon$cBritish Library$d2012$nItem no. T57 in volume T.1953.$5Uk
=650  \0$aBrigands and robbers$zItaly.
=650  \4$aBandoleros$zItaly.
=655  \7$aChapbooks$zSpain.$2rbgenr
=662  \\$aItaly$2lcsh-naf
=856  40$uhttp://cudl.lib.cam.ac.uk/view/PR-T-01953-00057$yCambridge Digital Library
=859  \\$aXLD$bCambridge Digital Library
=CAT  \\$aWR14_159$b00$c20141016$lBLL01$h1656
=CAT  \\$aWR14_181$c20150323$lBLL01$h1403
=CAT  \\$aW1606-1753$c20171028$lBLL01$h1604
=SRC  \\$aBLWrongdoing
=LAS  \\$aW1606-1753$b00$c20171028$lBLL01$h1604

