=LDR  01726 am a2200457 i 4500
=001  016895396
=003  Uk
=005  20140526140633.0
=006  m\\\\||\\d\|\\\\\\
=007  cr\|||||||||||
=008  140524q17991850sp\\\\\\o\\\\\000\0\spa\\
=FMT  \\$a  BK
=040  \\$aUkCU$beng$cUkCU$dUk
=245  00$aRelacion La mayor hazaña del emperador Carlos Quinto.
=246  30$aMayor hazaña del emperador Carlos Quinto
=260  \\$a[S.l. :$bs.n.,$cbetween 1799 and 1850?]
=300  \\$a1 online resource
=336  \\$atext$2rdacontent
=337  \\$acomputer$2rdamedia
=338  \\$aonline resources$2rdacarrier
=500  \\$aText printed in two columns.
=500  \\$aIn verse.
=500  \\$aCaption title.
=500  \\$aImprint from colophon.
=599  \\$aItem no. T62 in volume T.1953.$5Uk
=533  \\$aElectronic Reproduction$bLondon$cBritish Library$d2012$nItem no. T62 in volume T.1953.$5Uk
=600  00$aCharles$bV,$cHoly Roman Emperor,$d1500-1558$vDrama.
=600  14$aCarlos$bV,$cEmperador del Sacro Imperio Romano,$d1500-1558$vTeatro.
=650  \0$aSpanish drama.
=650  \4$aTeatro español.
=651  \0$aHoly Roman Empire$xHistory$yCharles V, 1519-1556$vDrama.
=651  \4$aSacro Imperio Romano$xHistoria$yCarlos V, 1519-1556$vTeatro.
=655  \7$aChapbooks$zSpain.$2rbgenr
=856  40$uhttp://cudl.lib.cam.ac.uk/view/PR-T-01953-00062$yCambridge Digital Library
=859  \\$aXLD$bCambridge Digital Library
=CAT  \\$aWR14_159$b00$c20141016$lBLL01$h1656
=CAT  \\$aBATCH-UPD$b00$c20141016$lBLL01$h1714
=CAT  \\$aWR14_181$c20150323$lBLL01$h1403
=CAT  \\$aW1606-1753$c20171028$lBLL01$h1604
=SRC  \\$aBLWrongdoing
=LAS  \\$aW1606-1753$b00$c20171028$lBLL01$h1604

