=LDR  01503 am a2200433 a 4500
=001  016895402
=003  Uk
=005  20140526145419.0
=006  m\\\\||\\d\|\\\\\\
=007  cr\|||||||||||
=008  140526q17991850sp\\\\\\o\\\\\000\0\spa\\
=FMT  \\$a  BK
=040  \\$aUkCU$beng$cUkCU$dUk
=100  1\$aEnríquez Gómez, Antonio,$d1600-1663.
=245  10$aRelacion de Damin /$cde don Antonio Enriquez Gomez.
=260  \\$a[S.l. :$bs.n.,$cbetween 1799 and 1850?]
=300  \\$a1 online resource
=336  \\$atext$2rdacontent
=337  \\$acomputer$2rdamedia
=338  \\$aonline resources$2rdacarrier
=500  \\$aText printed in two columns.
=500  \\$aIllustration at head of title.
=500  \\$aIn verse.
=500  \\$aCaption title.
=500  \\$aImprint from colophon.
=599  \\$aItem no. T68 in volume T.1953.$5Uk
=533  \\$aElectronic Reproduction$bLondon$cBritish Library$d2012$nItem no. T68 in volume T.1953.$5Uk
=650  \0$aPlanets.
=650  \4$aPlanetas.
=655  \7$aChapbooks$zSpain.$2rbgenr
=856  40$uhttp://cudl.lib.cam.ac.uk/view/PR-T-01953-00068$yCambridge Digital Library
=859  \\$aXLD$bCambridge Digital Library
=CAT  \\$aWR14_159$b00$c20141016$lBLL01$h1656
=CAT  \\$aBATCH-UPD$b00$c20141016$lBLL01$h1714
=CAT  \\$aWR14_181$c20150323$lBLL01$h1403
=CAT  \\$aW1606-1753$c20171028$lBLL01$h1604
=CAT  \\$aBATCH-UPD$b00$c20200510$lBLL01$h2117
=SRC  \\$aBLWrongdoing
=LAS  \\$aBATCH-UPD$b00$c20200510$lBLL01$h2117

