=LDR  02219 am a2200445 a 4500
=001  016895404
=003  Uk
=005  20140729093409.0
=006  m\\\\||\\d\|\\\\\\
=007  cr\|||||||||||
=008  140526q17461774sp\a\\\\o\\\\\000\0\spa\\
=FMT  \\$a  BK
=040  \\$aUkCU$beng$cUkCU$dUk
=245  00$aPasmosa y dulce relacion que un amante poeta compuso en alabanza de las damas :$bpara que qualquier galàn la represente en algun estrado, pintandolás como se merecen : primera parte.
=260  \\$aCon licencia en Valencia :$bEn la imprenta de Agustin Laborda, vive en la Bolserìa ...,$c[between 1746 and 1774]
=300  \\$a1 online resource
=336  \\$atext$2rdacontent
=337  \\$acomputer$2rdamedia
=338  \\$aonline resources$2rdacarrier
=500  \\$aText printed in two columns; some text printed in three columns.
=500  \\$aIn verse.
=500  \\$aThree separate illustrations incorporated within title; second part with three additional illustrations incorporated within title.
=500  \\$aCaption title.
=500  \\$aIn two parts. Part two has title: "Relacion burlesca y pestilente contra todas las mugeres : en donde se verà los desengañados, abestruzes que son, y se les pone como ellas merecen. Compuesta por el doctor Zancajo, primo segundo de la burra de Balam : segunda parte."
=599  \\$aPt. 1 is item no. T70 in volume T.1953; pt. 2 is item no. 71 in volume T.1953.$5UkCU
=533  \\$aElectronic Reproduction$bLondon$cBritish Library$d2012$nPt. 1 is item no. T70 in volume T.1953; pt. 2 is item no. 71 in volume T.1953.$5Uk
=650  \0$aMan-woman relationships.
=650  \0$aWomen.
=650  \4$aRelaciones hombre-mujer.
=650  \4$aMujeres.
=655  \7$aChapbooks$zSpain.$2rbgenr
=740  02$aRelacion burlesca y pestilente contra todas las mugeres.
=752  \\$aSpain$dValencia.
=856  40$uhttp://cudl.lib.cam.ac.uk/view/PR-T-01953-00070$yCambridge Digital Library
=859  \\$aXLD$bCambridge Digital Library
=CAT  \\$aWR14_159$b00$c20141016$lBLL01$h1656
=CAT  \\$aWR14_181$c20150323$lBLL01$h1403
=CAT  \\$aW1606-1753$c20171028$lBLL01$h1604
=SRC  \\$aBLWrongdoing
=LAS  \\$aW1606-1753$b00$c20171028$lBLL01$h1604

