=LDR  01698 am a2200469 a 4500
=001  016895412
=003  Uk
=005  20140526161023.0
=006  m\\\\||\\d\|\\\\\\
=007  cr\|||||||||||
=008  140526s1758\\\\sp\a\\\\o\\\\\000\0\spa\\
=FMT  \\$a  BK
=040  \\$aUkCU$beng$cUkCU$dUk
=100  1\$aLobo, Eugenio Gerardo,$d1679-1750.
=245  10$aRelacion de la comedia El mas justo rey de Grecia /$cde Don Eugenio Gerardo Lobo.
=246  30$aMas justo rey de Grecia
=260  \\$aCon licencia en Valencia :$bEn la imprenta de Agustin Laborda, vive en la Bolserìa ...,$caño 1758.
=300  \\$a1 online resource
=336  \\$atext$2rdacontent
=337  \\$acomputer$2rdamedia
=338  \\$aonline resources$2rdacarrier
=500  \\$aText printed in two columns.
=500  \\$aTwo separate illustrations at head of title.
=500  \\$aIn verse.
=500  \\$aCaption title.
=500  \\$aImprint from colophon.
=599  \\$aItem no. T80 in volume T.1953.$5Uk
=533  \\$aElectronic Reproduction$bLondon$cBritish Library$d2012$nItem no. T80 in volume T.1953.$5Uk
=650  \0$aKings and rulers.
=650  \0$aSpanish drama (Comedy)
=650  \4$aReyes y soberanos.
=650  \4$aComedia española.
=655  \7$aChapbooks$zSpain.$2rbgenr
=662  \\$aGreece$2lcsh-naf
=752  \\$aSpain$dValencia.
=856  40$uhttp://cudl.lib.cam.ac.uk/view/PR-T-01953-00080$yCambridge Digital Library
=859  \\$aXLD$bCambridge Digital Library
=CAT  \\$aWR14_159$b00$c20141016$lBLL01$h1656
=CAT  \\$aWR14_181$c20150323$lBLL01$h1403
=CAT  \\$aW1606-1753$c20171028$lBLL01$h1604
=SRC  \\$aBLWrongdoing
=LAS  \\$aW1606-1753$b00$c20171028$lBLL01$h1604

