=LDR  01792 am a2200457 a 4500
=001  016895419
=003  Uk
=005  20140526171237.0
=006  m\\\\||\\d\|\\\\\\
=007  cr\|||||||||||
=008  140526q17461774sp\a\\\\o\\\\\000\0\spa\\
=FMT  \\$a  BK
=040  \\$aUkCU$beng$cUkCU$dUk
=100  1\$aGarcía Valeros, Juan.
=245  10$aNueva relacion para entre dos, galan y dama :$bcuyo titulo es Cobrar la fama es nobleza y desempeñar su agravio /$ccompuesto por Juan Garcia Valero, natural del Arahal.
=246  30$aCobrar la fama es nobleza y desempeñar su agravio
=260  \\$aCon licencia en Valencia :$bEn la imprenta de Agustin Laborda, vive en la Bolserìa ...,$c[between 1746 and 1774]
=300  \\$a1 online resource
=336  \\$atext$2rdacontent
=337  \\$acomputer$2rdamedia
=338  \\$aonline resources$2rdacarrier
=500  \\$aText printed in two columns.
=500  \\$aFour separate illustrations at head of title.
=500  \\$aIn verse.
=500  \\$aCaption title.
=500  \\$aImprint from colophon.
=599  \\$aItem no. T87 in volume T.1953.$5Uk
=533  \\$aElectronic Reproduction$bLondon$cBritish Library$d2012$nItem no. T87 in volume T.1953.$5Uk
=650  \0$aMan-woman relationships.
=650  \0$aSatire, Spanish.
=650  \4$aRelaciones hombre-mujer.
=650  \4$aSátira española.
=655  \7$aChapbooks$zSpain.$2rbgenr
=752  \\$aSpain$dValencia.
=856  40$uhttp://cudl.lib.cam.ac.uk/view/PR-T-01953-00087$yCambridge Digital Library
=859  \\$aXLD$bCambridge Digital Library
=CAT  \\$aWR14_159$b00$c20141016$lBLL01$h1656
=CAT  \\$aWR14_181$c20150323$lBLL01$h1403
=CAT  \\$aW1606-1753$c20171028$lBLL01$h1604
=SRC  \\$aBLWrongdoing
=LAS  \\$aW1606-1753$b00$c20171028$lBLL01$h1604

