=LDR  02440 am a2200469 a 4500
=001  016895420
=003  Uk
=005  20140531100138.0
=006  m\\\\||\\d\|\\\\\\
=007  cr\|||||||||||
=008  140527s1764\\\\sp\a\\\\o\\\\\000\0\spa\\
=FMT  \\$a  BK
=040  \\$aUkCU$beng$cUkCU$dUk
=245  00$aTestamento que ordeno el serenissimo señor Don Juan de Austria (segundo de este nombre) y fervoroso acto de amor de Dios, que antes de recibir el divino Sacramento, hizo su Alteza, y despedimiento amoroso de su hermano Don Carlos Segundo : y lo demàs que verà el curioso letor.
=260  \\$aCon licencia en Madrid :$bEn la imprenta de Cruzada, se hallará en la Lonja de papel de Andrès de Sotos, mas abajo de la Porterìa de San Martin,$caño de 1764.
=300  \\$a1 online resource
=336  \\$atext$2rdacontent
=337  \\$acomputer$2rdamedia
=338  \\$aonline resources$2rdacarrier
=500  \\$aText printed in two columns.
=500  \\$aTwo separate illustrations at head of title; second part with two additional illustrations at head of title.
=500  \\$aIn verse.
=500  \\$aCaption title.
=500  \\$aImprint from colophon.
=500  \\$aIn two parts. Part two hast title: "Segunda parte del testamento del serenissimo señor Don Juan de Austria (segundo de este nombre) : refierese la catholica y ultima despedida que antes de espirar hizo del Rey su hermano, de todo el reyno y de los grandes, y tambien las mandas que hizo à las imagenes de su devocion."
=599  \\$aItem no. T1 in volume T.1955.$5Uk
=533  \\$aElectronic Reproduction$bLondon$cBritish Library$d2012$nItem no. T1 in volume T.1955.$5Uk
=600  00$aJohn,$cof Austria,$d1547-1578$xDeath and burial.
=600  04$aJuan,$cde Austria,$d1547-1578$xMuerte y entierro.
=650  \0$aWills.
=650  \4$aTestamentos.
=655  \7$aChapbooks$zSpain.$2rbgenr
=700  1\$aSotos, Andrés de,$dactive 1764-1792,$ebookseller.$5Uk
=740  02$aSegunda parte del testamento del serenissimo señor Don Juan de Austria.
=752  \\$aSpain$dMadrid.
=856  40$uhttp://cudl.lib.cam.ac.uk/view/PR-T-01955-00001$yCambridge Digital Library
=859  \\$aXLD$bCambridge Digital Library
=CAT  \\$aWR14_159$b00$c20141016$lBLL01$h1656
=CAT  \\$aWR14_181$c20150323$lBLL01$h1403
=CAT  \\$aW1606-1753$c20171028$lBLL01$h1604
=SRC  \\$aBLWrongdoing
=LAS  \\$aW1606-1753$b00$c20171028$lBLL01$h1604

