=LDR  02224 am a2200481 a 4500
=001  016895422
=003  Uk
=005  20140527150931.0
=006  m\\\\||\\d\|\\\\\\
=007  cr\|||||||||||
=008  140527q17991850sp\a\\\\o\\\\\000\0\spa\\
=FMT  \\$a  BK
=040  \\$aUkCU$beng$cUkCU$dUk
=245  00$aCurioso romance de la vida, hechos y atrocidades de Don Agustin Florencio, natural de Xerez de la Frontera :$bprimera parte.
=260  \\$a[S.l. :$bs.n.,$cbetween 1799 and 1850?]
=300  \\$a1 online resource
=336  \\$atext$2rdacontent
=337  \\$acomputer$2rdamedia
=338  \\$aonline resources$2rdacarrier
=500  \\$aText printed in two columns.
=500  \\$aIllustration at head of title; second part with additional illustration at head of title.
=500  \\$aIn verse.
=500  \\$aCaption title.
=500  \\$aImprint from colophon.
=500  \\$aIn two parts. Part two has title: Verdadera relacion y curioso romance en que se refiere los delitos y causas de Don Agustin Florencio, sacada de la que se hizo en la Real Chancillerìa de Granada: refierense en ella sus muchos arrojos y valentìas y el grande arrepentimiento que tuvo à la hora de su muerte, con todo lo demàs que verà el curioso lector : segunda parte."
=599  \\$aItem no. T3 in volume T.1955.$5Uk
=533  \\$aElectronic Reproduction$bLondon$cBritish Library$d2012$nItem no. T3 in volume T.1955.$5Uk
=650  \0$aBrigands and robbers.
=650  \0$aAtrocities.
=650  \4$aAgustin Florencio (Fictitious character)
=650  \4$aBandoleros.
=650  \4$aAtrocidades.
=653  \1$aAgustin Florencio (Personaje ficticio)
=655  \7$aChapbooks$zSpain.$2rbgenr
=662  \\$aSpain$gJerez de la Frontera$2lcsh-naf
=740  02$aVerdadera relacion y curioso romance en que se refiere los delitos y causas de Don Agustin Florencio.
=856  40$uhttp://cudl.lib.cam.ac.uk/view/PR-T-01955-00003$yCambridge Digital Library
=859  \\$aXLD$bCambridge Digital Library
=CAT  \\$aWR14_159$b00$c20141016$lBLL01$h1656
=CAT  \\$aWR14_181$c20150323$lBLL01$h1403
=CAT  \\$aW1606-1753$c20171028$lBLL01$h1604
=SRC  \\$aBLWrongdoing
=LAS  \\$aW1606-1753$b00$c20171028$lBLL01$h1604

