=LDR  02546 am a2200553 a 4500
=001  016895423
=003  Uk
=005  20140530173044.0
=006  m\\\\||\\d\|\\\\\\
=007  cr\|||||||||||
=008  140527s1760\\\\sp\a\\\\o\\\\\000\0\spa\\
=FMT  \\$a  BK
=040  \\$aUkCU$beng$cUkCU$dUk
=245  00$aDe D. Carlos de Udarca y Doña Isabel de Contreras :$bDeclaranse los valerosos arrestos y muertes que hizo este mancebo por los amores de su dama : primera parte.
=260  \\$aCon licencia en Madrid :$bEn la imprenta de Francisco Xavier Garcia, calle de los Capellanes, se hallará en la Lonja de papel de Andrès de Sotos, mas abaxo de la Portería de San Martin,$caño 1760.
=300  \\$a1 online resource
=336  \\$atext$2rdacontent
=337  \\$acomputer$2rdamedia
=338  \\$aonline resources$2rdacarrier
=500  \\$aText printed in two columns.
=500  \\$aThree separate illustrations at head of title; second part with three additional illustrations at head of title.
=500  \\$aIn verse.
=500  \\$aCaption title.
=500  \\$aImprint from colophon.
=500  \\$aIn two parts. Part two has title: "Segunda parte de los valerosos hechos de don Carlos de Udarca y de como se casò con su dama Doña Isabèl de Contreras : con todo lo demàs que verà el curioso lector."
=599  \\$aItem no. T4 in volume T.1955.$5Uk
=533  \\$aElectronic Reproduction$bLondon$cBritish Library$d2012$nItem no. T4 in volume T.1955.$5Uk
=650  \4$aCarlos de Udarca (Fictitious character)
=650  \4$aIsabel de Contreras (Fictitious character)
=650  \0$aCourtship.
=650  \0$aMurderers.
=650  \4$aCortejo amoroso.
=650  \4$aAsesinos.
=650  \4$aConventos.
=653  \1$aCarlos de Udarca (Personaje ficticio)
=653  \1$aIsabel de Contreras (Personaje ficticio)
=655  \7$aChapbooks$zSpain.$2rbgenr
=662  \\$aSpain$dValencia$2lcsh-naf
=700  1\$aGarcia, Francisco Xavier,$d1753-approximately 1781,$eprinter.$5Uk
=700  1\$aSotos, Andrés de,$dactive 1764-1792,$ebookseller.$5Uk
=740  02$aSegunda parte de los valerosos hechos de don Carlos de Udarca.
=752  \\$aSpain$dMadrid.
=856  40$uhttp://cudl.lib.cam.ac.uk/view/PR-T-01955-00004$yCambridge Digital Library
=859  \\$aXLD$bCambridge Digital Library
=CAT  \\$aWR14_159$b00$c20141016$lBLL01$h1656
=CAT  \\$aWR14_181$c20150323$lBLL01$h1403
=CAT  \\$aW1606-1753$c20171028$lBLL01$h1604
=SRC  \\$aBLWrongdoing
=LAS  \\$aW1606-1753$b00$c20171028$lBLL01$h1604

