=LDR  02113 am a2200493 a 4500
=001  016895424
=003  Uk
=005  20140527152900.0
=006  m\\\\||\\d\|\\\\\\
=007  cr\|||||||||||
=008  140527q17461774sp\a\\\\o\\\\\000\0\spa\\
=FMT  \\$a  BK
=040  \\$aUkCU$beng$cUkCU$dUk
=245  00$aPrimera parte del romance de los amores de Don Carlos Moncarte y de los lances que se ofrecieron por su dama Doña Blanca.
=260  \\$aSe hallarà en Valencia :$bEn la imprenta de Agustin Laborda, vive en la Bolserìa ...,$c[between 1746 and 1774]
=300  \\$a1 online resource
=336  \\$atext$2rdacontent
=337  \\$acomputer$2rdamedia
=338  \\$aonline resources$2rdacarrier
=500  \\$aText printed in two columns.
=500  \\$aTwo separate illustrations at head of title; second part with two additional illustrations at head of title.
=500  \\$aIn verse.
=500  \\$aCaption title.
=500  \\$aImprint from colophon.
=500  \\$aIn two parts. Part two has title: "Segunda parte de los amores de D. Carlos Moncarte y Doña Blanca y el dichoso fin que tuvieron, como verà el curioso letor."
=599  \\$aItem no. T5 in volume T.1955.$5Uk
=533  \\$aElectronic Reproduction$bLondon$cBritish Library$d2012$nItem no. T5 in volume T.1955.$5Uk
=650  \4$aCarlos Moncarte (Fictitious character)
=650  \0$aMan-woman relationships.
=650  \0$aCourtship.
=650  \4$aRelaciones hombre-mujer.
=650  \4$aCortejo amoroso.
=653  \1$aCarlos Moncarte (Personaje ficticio)
=655  \7$aChapbooks$zSpain.$2rbgenr
=662  \\$aFrance$dBordeaux (Aquitaine)$2lcsh-naf
=740  02$aSegunda parte de los amores de D. Carlos Moncarte y Doña Blanca.
=752  \\$aSpain$dValencia.
=856  40$uhttp://cudl.lib.cam.ac.uk/view/PR-T-01955-00005$yCambridge Digital Library
=859  \\$aXLD$bCambridge Digital Library
=CAT  \\$aWR14_159$b00$c20141016$lBLL01$h1656
=CAT  \\$aWR14_181$c20150323$lBLL01$h1403
=CAT  \\$aW1606-1753$c20171028$lBLL01$h1604
=SRC  \\$aBLWrongdoing
=LAS  \\$aW1606-1753$b00$c20171028$lBLL01$h1604

