=LDR  02891 am a2200505 a 4500
=001  016895425
=003  Uk
=005  20140527154206.0
=006  m\\\\||\\d\|\\\\\\
=007  cr\|||||||||||
=008  140527q17461774sp\a\\\\o\\\\\000\0\spa\\
=FMT  \\$a  BK
=040  \\$aUkCU$beng$cUkCU$dUk
=245  00$aPrimera part en un curioso romance de los prodigiosos hechos de Doña Juana de la Rosa, natural de la ciudad de Barcelona :$brefierese como por haverla querido casar su tio con un pariente suyo se saliò de su casa y se fuè con un amante que tenia y haviendole dado palabra de casamiento la gozò y despues la dexò en una sierra à donde encontrò un hombre con quien trocò los vestidos : saliò à buscarlo y haviendolo hallado tomò cruel venganza de su honor, con otras cosas muy curiosas qeu declara el romance.
=260  \\$aSe hallarà en Valencia :$bEn la imprenta de Agustin Laborda, vive en la Bolserìa ...,$c[between 1746 and 1774]
=300  \\$a1 online resource
=336  \\$atext$2rdacontent
=337  \\$acomputer$2rdamedia
=338  \\$aonline resources$2rdacarrier
=500  \\$aText printed in two columns.
=500  \\$aIllustration incorporated within title; second part with two additional illustrations at head of title.
=500  \\$aIn verse.
=500  \\$aCaption title.
=500  \\$aImprint from colophon.
=500  \\$aIn two parts. Second part has title: "De Doña Juana de la Rosa: segunda parte en un curioso romance de los prodigiosos hechos de una señora natural de la ciudad de Barcelona: refierese como por haverla querido casar su tio con un pariente suyo, se saliò de su casa y se fuè con un amante que tenia y haviendole dado palabra de casamiento, la gozò y despues la dexò en una sierra, donde encontrò un hombre con quien trocò los vestidos y partiò à buscarlo : y haviendolo hallado, tomò cruel venganza de su honor, con otras cosas muy curiosas que declara el romance."
=599  \\$aItem no. T6 in volume T.1955.$5Uk
=533  \\$aElectronic Reproduction$bLondon$cBritish Library$d2012$nItem no. T6 in volume T.1955.$5Uk
=650  \4$aJuana de la Rosa (Fictitious character)
=650  \0$aWomen$xCrimes against.
=650  \0$aDeception.
=650  \0$aRevenge.
=650  \4$aMujeres$xDelitos contra las.
=650  \4$aEngaño.
=650  \4$aVenganza.
=653  \1$aJuana de la Rosa (Personaje ficticio)
=655  \7$aChapbooks$zSpain.$2rbgenr
=662  \\$aSpain$dBarcelona$2lcsh-naf
=752  \\$aSpain$dValencia.
=856  40$uhttp://cudl.lib.cam.ac.uk/view/PR-T-01955-00006$yCambridge Digital Library
=859  \\$aXLD$bCambridge Digital Library
=CAT  \\$aWR14_159$b00$c20141016$lBLL01$h1656
=CAT  \\$aWR14_181$c20150323$lBLL01$h1403
=CAT  \\$aW1606-1753$c20171028$lBLL01$h1604
=SRC  \\$aBLWrongdoing
=LAS  \\$aW1606-1753$b00$c20171028$lBLL01$h1604

