=LDR  02302 am a2200505 a 4500
=001  016895427
=003  Uk
=005  20140527164359.0
=006  m\\\\||\\d\|\\\\\\
=007  cr\|||||||||||
=008  140527q17991850sp\a\\\\o\\\\\000\0\spa\\
=FMT  \\$a  BK
=040  \\$aUkCU$beng$cUkCU$dUk
=245  00$aVerdadero romance en que se declaran los agravios y desagravios de la reyna sultana :$bdàse cuenta como fue sentenciada à muerte por un testimonio que le levantaron quatro cavalleros moros, y como quatro cavalleros christianos la defendieron : primera parte.
=260  \\$a[S.l. :$bs.n.,$bbetween 1799 and 1850?]
=300  \\$a1 online resource
=336  \\$atext$2rdacontent
=337  \\$acomputer$2rdamedia
=338  \\$aonline resources$2rdacarrier
=500  \\$aText printed in two columns.
=500  \\$aIllustration at head of title; second part with additional illustration at head of title.
=500  \\$aIn verse.
=500  \\$aCaption title.
=500  \\$aImprint from colophon.
=500  \\$aIn two parts. Part two has title: "Segunda parte que trata como los quatro cavalleros christianos tuvieron cruel batalla con los quatro moros dandoles muerte, por lo qual quedò la reyna sultana desagraviada."
=599  \\$aItem no. T8 in volume T.1955.$5Uk
=533  \\$aElectronic Reproduction$bLondon$cBritish Library$d2012$nItem no. T8 in volume T.1955.$5Uk
=650  \0$aChristianity and other religions$xIslam.
=650  \0$aIslam$xRelations$xChristianity.
=650  \0$aCapital punishment.
=650  \0$aMurder.
=650  \4$aCristianismo y otras religiones$xIslamismo.
=650  \4$aIslamismo$xRelaciones$xCristianismo.
=650  \4$aPena de muerte.
=650  \4$aAsesinato.
=655  \7$aChapbooks$zSpain.$2rbgenr
=662  \\$aSpain$dGranada$2lcsh-naf
=740  02$aSegunda parte que trata como los quatro cavalleros christianos tuvieron cruel batalla con los quatro moros dandoles muerte
=856  40$uhttp://cudl.lib.cam.ac.uk/view/PR-T-01955-00008$yCambridge Digital Library
=859  \\$aXLD$bCambridge Digital Library
=CAT  \\$aWR14_159$b00$c20141016$lBLL01$h1656
=CAT  \\$aWR14_181$c20150323$lBLL01$h1403
=CAT  \\$aW1606-1753$c20171028$lBLL01$h1604
=SRC  \\$aBLWrongdoing
=LAS  \\$aW1606-1753$b00$c20171028$lBLL01$h1604

