=LDR  02480 am a2200505 a 4500
=001  016895428
=003  Uk
=005  20140530172707.0
=006  m\\\\||\\d\|\\\\\\
=007  cr\|||||||||||
=008  140527q17531781sp\a\\\\o\\\\\000\0\spa\\
=FMT  \\$a  BK
=040  \\$aUkCU$beng$cUkCU$dUk
=043  \\$ae-sp---
=245  00$aPrimera parte :$bCurioso y nuevo romance en que se refiere la historia de los vandidos que habitaron en los montes de Toledo, executando en ellos notables atrocidades : y lo demàs que verà el curioso lector.
=246  30$aCurioso y nuevo romance en que se refiere la historia de los vandidos que habitaron en los montes de Toledo
=260  \\$aCon licencia en Madrid :$bEn la imprenta de Francisco Xavier García, se hallarà en la Lonja de papel de Andrès de Sotos, mas abaxo de la Porterìa de San Martin,$c[between 1753 and 1781?]
=300  \\$a1 online resource
=336  \\$atext$2rdacontent
=337  \\$acomputer$2rdamedia
=338  \\$aonline resources$2rdacarrier
=500  \\$aText printed in two columns.
=500  \\$aIn verse.
=500  \\$aTwo separate illustrations at head of title; second part with two additional illustrations at head of title.
=500  \\$aCaption title.
=500  \\$aImprint from colophon.
=500  \\$aIn two parts. Part two has title: "Segunda parte: curioso y nuevo romance en que se refiere la historia de los vandidos que habitaron en los montes de Toledo, executando en ellos notables atrocidades y lo demàs que verà el curioso lector."
=599  \\$aItem no. T9 in volume T.1955.$5Uk
=533  \\$aElectronic Reproduction$bLondon$cBritish Library$d2012$nItem no. T9 in volume T.1955.$5Uk
=650  \0$aBrigands and robbers$zSpain$zToledo.
=650  \0$aViolent crimes.
=650  \4$aBandoleros$zEspaña$zToledo.
=650  \4$aDelitos violentos.
=655  \7$aChapbooks$zSpain.$2rbgenr
=662  \\$aSpain$dToledo$2lcsh-naf
=700  1\$aGarcia, Francisco Xavier,$d1753-approximately 1781,$eprinter.$5Uk
=700  1\$aSotos, Andrés de,$dactive 1764-1792,$ebookseller.$5Uk
=752  \\$aSpain$dMadrid.
=856  40$uhttp://cudl.lib.cam.ac.uk/view/PR-T-01955-00009$yCambridge Digital Library
=859  \\$aXLD$bCambridge Digital Library
=CAT  \\$aWR14_159$b00$c20141016$lBLL01$h1656
=CAT  \\$aWR14_181$c20150323$lBLL01$h1403
=CAT  \\$aW1606-1753$c20171028$lBLL01$h1604
=SRC  \\$aBLWrongdoing
=LAS  \\$aW1606-1753$b00$c20171028$lBLL01$h1604

