=LDR  02420 am a2200457 a 4500
=001  016895429
=003  Uk
=005  20140527170435.0
=006  m\\\\||\\d\|\\\\\\
=007  cr\|||||||||||
=008  140527q17461774sp\a\\\\o\\\\\000\0\spa\\
=FMT  \\$a  BK
=040  \\$aUkCU$beng$cUkCU$dUk
=245  00$aNuevo romance en que se da cuenta de las mas nombradas hazañas que hizo Don Matheo Vicente Benet, natural de Benimaclet, lugar de la huerta de Valencia :$bse refiere como el catholico monarca Carlos Segundo (de gloriosa memoria) por su proceder tan honrado se dignò de hacerle la gracia de governador de Rifola, ciudad en el reyno de Napoles : compueto en este presente año : primera parte.
=260  \\$aSe hallarà en Valencia :$bEn la imprenta de Agustin Laborda, vive en la Bolserìa ...,$c[between 1746 and 1774]
=300  \\$a1 online resource
=336  \\$atext$2rdacontent
=337  \\$acomputer$2rdamedia
=338  \\$aonline resources$2rdacarrier
=500  \\$aText printed in two columns.
=500  \\$aIllustration incorporated within title; second part with additional illustration incorporated within title.
=500  \\$aIn verse.
=500  \\$aCaption title.
=500  \\$aImprint from colophon.
=500  \\$aIn two parts. Part two has title: "Otro romance en que prosiguen las memorables hazañas que hizo en Italia el invicto D. Matheo Vicente Benet: se refiere tambien el buen fin de su muerte y como èl mesmo se ayudò à bien morir, haciendo un acto de contricion delante de un crucifixo que tenia en sus manos: compuesto este presente año: segunda parte."
=599  \\$aItem no. T10 in volume T.1955.$5Uk
=533  \\$aElectronic Reproduction$bLondon$cBritish Library$d2012$nItem no. T10 in volume T.1955.$5Uk
=650  \0$aBrigands and robbers.
=650  \4$aBandoleros.
=650  \4$aMatheo Benet Vicente (Fictitious character)
=653  \1$aMatheo Benet Vicente (Personaje ficticio)
=655  \7$aChapbooks$zSpain.$2rbgenr
=662  \\$aSpain$dValencia$2lcsh-naf
=752  \\$aSpain$dMadrid.
=856  40$uhttp://cudl.lib.cam.ac.uk/view/PR-T-01955-00010$yCambridge Digital Library
=859  \\$aXLD$bCambridge Digital Library
=CAT  \\$aWR14_159$b00$c20141016$lBLL01$h1656
=CAT  \\$aWR14_181$c20150323$lBLL01$h1403
=CAT  \\$aW1606-1753$c20171028$lBLL01$h1604
=SRC  \\$aBLWrongdoing
=LAS  \\$aW1606-1753$b00$c20171028$lBLL01$h1604

