=LDR  02004 am a2200469 a 4500
=001  016895431
=003  Uk
=005  20140527171723.0
=006  m\\\\||\\d\|\\\\\\
=007  cr\|||||||||||
=008  140527q17461774sp\a\\\\o\\\\\000\0\spa\\
=FMT  \\$a  BK
=040  \\$aUkCU$beng$cUkCU$dUk
=245  00$aRomance nuevo en que se declaran las excelencias de la gente del campo :$bdesempeñandose de otro romance, en que los oficiales los motejaban : primera parte.
=260  \\$aSe hallará en Valencia :$bEn la imprenta de Agustin Laborda, vive en la Bolsería,$c[between 1746 and 1774]
=300  \\$a1 online resource
=336  \\$atext$2rdacontent
=337  \\$acomputer$2rdamedia
=338  \\$aonline resources$2rdacarrier
=500  \\$aText printed in two columns.
=500  \\$aTwo separate illustrations at head of title.
=500  \\$aIn verse.
=500  \\$aCaption title.
=500  \\$aImprint from colophon.
=500  \\$aIn two parts. Part two has title: "Segunda parte en que se prosiguen las excelencias de la gente del campo, declara los muchos santos y excelentes varones que ha havido del campo y se les dá saludable doctrina, con lo demàs que verá el curioso."
=599  \\$aItem no. T12 in volume T.1955.$5Uk
=533  \\$aElectronic Reproduction$bLondon$cBritish Library$d2012$nItem no. T12 in volume T.1955.$5Uk
=650  \0$aRural population.
=650  \0$aPeasants.
=650  \0$aReligious literature, Spanish.
=650  \4$aPoblación rural.
=650  \4$aCampesinado.
=650  \4$aLiteratura religiosa española.
=655  \7$aChapbooks$zSpain.$2rbgenr
=752  \\$aSpain$dValencia.
=856  40$uhttp://cudl.lib.cam.ac.uk/view/PR-T-01955-00012$yCambridge Digital Library
=859  \\$aXLD$bCambridge Digital Library
=CAT  \\$aWR14_159$b00$c20141016$lBLL01$h1656
=CAT  \\$aWR14_181$c20150323$lBLL01$h1403
=CAT  \\$aW1606-1753$c20171028$lBLL01$h1604
=SRC  \\$aBLWrongdoing
=LAS  \\$aW1606-1753$b00$c20171028$lBLL01$h1604

