=LDR  02209 am a2200505 a 4500
=001  016895432
=003  Uk
=005  20140531100415.0
=006  m\\\\||\\d\|\\\\\\
=007  cr\|||||||||||
=008  140527q16731764sp\a\\\\o\\\\\000\0\spa\\
=FMT  \\$a  BK
=040  \\$aUkCU$beng$cUkCU$dUk
=245  00$aPrimera parte, en que se refieren los hechos del valeroso mancebo Don Juan Lorenzo.
=260  \\$aCon licencia en Madrid :$bSe hallarà en la Lonja de papel de Andrès de Sotos, mas abajo de la Porterìa de San Martin,$c[between 1673 and 1764?]
=300  \\$a1 online resource
=336  \\$atext$2rdacontent
=337  \\$acomputer$2rdamedia
=338  \\$aonline resources$2rdacarrier
=500  \\$aText printed in two columns.
=500  \\$aIllustration at head of title; second part with additional illustration at head of title.
=500  \\$aIn verse.
=500  \\$aCaption title.
=500  \\$aImprint from colophon.
=500  \\$aIn two parts. Part two has title: "Segunda parte en que se prosiguen los valerosos hechos de Don Juan Lorenzo, el qual, por una heroyca accion que hizo, fue perdonado de todos sus delitos y se casó con su dama Doña Isabèl de Oliveros."
=599  \\$aItem no. T13 in volume T.1955.$5Uk
=533  \\$aElectronic Reproduction$bLondon$cBritish Library$d2012$nItem no. T13 in volume T.1955.$5Uk
=650  \0$aBrigands and robbers.
=650  \0$aCriminals.
=650  \4$aJuan Lorenzo (Legendary character)
=650  \4$aBandoleros.
=650  \4$aDelincuentes.
=653  \1$aJuan Lorenzo (Personaje legendario)
=655  \7$aChapbooks$zSpain.$2rbgenr
=662  \\$aSpain$dMarbella$2lcsh-naf
=700  1\$aSotos, Andrés de,$dactive 1764-1792,$eprinter.$5Uk
=740  02$aSegunda parte en que se prosiguen los valerosos hechos de Don Juan Lorenzo.
=752  \\$aSpain$dMadrid.
=856  40$uhttp://cudl.lib.cam.ac.uk/view/PR-T-01955-00013$yCambridge Digital Library
=859  \\$aXLD$bCambridge Digital Library
=CAT  \\$aWR14_159$b00$c20141016$lBLL01$h1656
=CAT  \\$aWR14_181$c20150323$lBLL01$h1403
=CAT  \\$aW1606-1753$c20171028$lBLL01$h1604
=SRC  \\$aBLWrongdoing
=LAS  \\$aW1606-1753$b00$c20171028$lBLL01$h1604

