=LDR  02873 am a2200565 a 4500
=001  016895433
=003  Uk
=005  20140531105846.0
=006  m\\\\||\\d\|\\\\\\
=007  cr\|||||||||||
=008  140527s1761\\\\sp\a\\\\o\\\\\000\0\spa\\
=FMT  \\$a  BK
=040  \\$aUkCU$beng$cUkCU$dUk
=245  00$aDe D. Raymundo de Texada y Doña Rosa Peralta :$bNuevo y curioso romance donde se declara y dà cuenta de un falso testimonio que un cavallero levantò à una principal señora, natural de la ciudad de Truxillo : sucediò este presente año : primera parte.
=246  30$aNuevo y curioso romance donde se declara y dà cuenta de un falso testimonio que un cavallero levantò à una principal señora
=260  \\$aCon licencia en Madrid :$bEn la imprenta de los Herederos de Francisco del Hierro, calle de Hileras, se hallarà en la Lonja de papel de Andrès de Sotos, mas abaxo de la Porteria de S. Martin,$caño de 1761.
=300  \\$a1 online resource
=336  \\$atext$2rdacontent
=337  \\$acomputer$2rdamedia
=338  \\$aonline resources$2rdacarrier
=500  \\$aText printed in two columns.
=500  \\$aTwo separate illustrations at head of title; second part with additional illustration at head of title.
=500  \\$aIn verse.
=500  \\$aCaption title.
=500  \\$aIn two parts. Part two has title: "De Don Raymundo de Texada y Doña Rosa: nuevo y curioso romance donde se declara y dà cuenta de otro falso testimonio que el negro levantò à esta principal señora, natural de la ciudad de Truxillo: sucediò este presente año : segunda parte."
=599  \\$aItem no. T14 in volume T.1955.$5Uk
=533  \\$aElectronic Reproduction$bLondon$cBritish Library$d2012$nItem no. T14 in volume T.1955.$5Uk
=650  \0$aWomen$xCrimes against.
=650  \0$aRevenge.
=650  \4$aRosa Peralta (Fictitious character)
=650  \4$aRaymundo de Texada (Fictitious character)
=650  \4$aMujeres$xDelitos contra las.
=650  \4$aVenganza.
=653  \0$aAlevosía.
=653  \1$aRosa Peralta (Personaje ficticio)
=653  \1$aRaymundo de Texada (Personaje ficticio)
=655  \7$aChapbooks$zSpain.$2rbgenr
=662  \\$aSpain$dTrujillo (Cáceres)$2lcsh-naf
=710  2\$aHerederos de Francisco del Hierro,$eprinter.$5Uk
=700  1\$aSotos, Andrés de,$dactive 1764-1792,$ebookseller.$5Uk
=740  02$aDe Don Raymundo de Texada y Doña Rosa.
=752  \\$aSpain$dMadrid.
=856  40$uhttp://cudl.lib.cam.ac.uk/view/PR-T-01955-00014$yCambridge Digital Library
=859  \\$aXLD$bCambridge Digital Library
=CAT  \\$aWR14_159$b00$c20141016$lBLL01$h1656
=CAT  \\$aWR14_181$c20150323$lBLL01$h1403
=CAT  \\$aW1606-1753$c20171028$lBLL01$h1604
=CAT  \\$aBATCH-UPD$b00$c20191220$lBLL01$h2040
=SRC  \\$aBLWrongdoing
=LAS  \\$aBATCH-UPD$b00$c20191220$lBLL01$h2040

