=LDR  02869 am a2200565 a 4500
=001  016895434
=003  Uk
=005  20170614115120.0
=006  m\\\\||\\d\|\\\\\\
=007  cr\|||||||||||
=008  140528s1764\\\\sp\a\\\\o\\\\\000\0\spa\\
=FMT  \\$a  BK
=040  \\$aUkCU$beng$cUkCU$dUk
=245  00$aDe Don Juan Estevan de Argalia :$bNuevo romance en que se declara como este cavallero se enamorò de una dama, en quien tuvo dos hijos, dandoles muerte recien-nacidos entre èl y la dama, bebiendose la sangre y dandosela tambien à un perro, y despues los arrojò à un rio : Declarase como tambien diò muerte à la dama y se enamorò de una señora principal la qual no pudiendo gozarla se valiò de una esclava, ofreciendole cien escudos, como lo ocultara en la sala de dicha señora : y como habiendose quedado oculto entre unos paños de Corte, le diò siete puñaladas, sacandola el corazon : con otras muchas que se veràn en estos dos romances : primera parte.
=246  30$aNuevo romance en que se declara como este cavallero se enamorò de una dama
=260  \\$aCon licencia en Madrid :$bEn la imprenta de Cruzada, se hallará en la Lonja de papel de Andrès de Sotos, mas abajo de la Porterìa de San Martin,$caño de 1764.
=300  \\$a1 online resource
=336  \\$atext$2rdacontent
=337  \\$acomputer$2rdamedia
=338  \\$aonline resources$2rdacarrier
=500  \\$aText printed in two columns.
=500  \\$aTwo separate illustrations at head of title; second part with two additional illlustrations at head of title.
=500  \\$aIn verse.
=500  \\$aCaption title.
=500  \\$aImprint from colophon.
=500  \\$aIn two parts. Part two has title: "Segunda parte de Don Juan Estevan de Argalia."
=533  \\$aElectronic Reproduction$bLondon$cBritish Library$d2012$5Uk
=599  \\$aItem no. T15 in volume 1955.$5Uk
=650  \4$aJuan Estevan de Argalia (Fictitious character)
=650  \0$aMurder.
=650  \0$aInfanticide.
=650  \0$aAtrocities.
=650  \4$aAsesinato.
=650  \4$aInfanticidio.
=650  \4$aAtrocidades.
=653  \0$aAlevosía.
=653  \1$aJuan Estevan de Argalia (Personaje ficticio)
=655  \7$aChapbooks$zSpain.$2rbgenr
=700  1\$aSotos, Andrés de,$dactive 1764-1792,$ebookseller.$5Uk
=740  02$aSegunda parte de Don Juan Estevan de Argalia.
=752  \\$aSpain$dMadrid.
=856  40$uhttp://cudl.lib.cam.ac.uk/view/PR-T-01955-00015/1$yCambridge Digital Library
=859  \\$aXLD$bCambridge Digital Library
=CAT  \\$aWR14_159$b00$c20141016$lBLL01$h1656
=CAT  \\$aWR14_181$c20150323$lBLL01$h1403
=CAT  \\$a14484$b40$c20170614$lBLL01$h1143
=CAT  \\$a14484$b40$c20170614$lBLL01$h1151
=CAT  \\$aW1606-1753$c20171028$lBLL01$h1604
=SRC  \\$aBLWrongdoing
=LAS  \\$aW1606-1753$b00$c20171028$lBLL01$h1604

