=LDR  02569 am a2200517 a 4500
=001  016895435
=003  Uk
=005  20140528112316.0
=006  m\\\\||\\d\|\\\\\\
=007  cr\|||||||||||
=008  140528q17461774sp\a\\\\o\\\\\000\0\spa\\
=FMT  \\$a  BK
=040  \\$aUkCU$beng$cUkCU$dUk
=245  00$aDon Fernando de Aragon :$bRelacion verdadera y curioso romance en que se dà cuenta de un particular sucesso que sucedió à un enamorado cavallero de la ciudad de Ronda, el qual viendose despreciado de una señora à quien adoraba executò por medio de un negro esclavo suyo la mas infame venganza que se ha escrito jamás en las historias : primera parte.
=246  30$aRelacion verdadera y curioso romance en que se dà cuenta de un particular sucesso que sucedió à un enamorado cavallero de la ciudad de Ronda
=260  \\$aSe hallarà en Valencia :$bEn la imprenta de Agustin Laborda,$c[between 1746 and 1774]
=300  \\$a1 online resource
=336  \\$atext$2rdacontent
=337  \\$acomputer$2rdamedia
=338  \\$aonline resources$2rdacarrier
=500  \\$aText printed in two columns.
=500  \\$aIn verse.
=500  \\$aThree separate illustrations at head of title; second part with additional illustration at head of title.
=500  \\$aCaption title.
=500  \\$aImprint from colophon.
=500  \\$aIn two parts. Part two has title: "Segunda parte en que se da fin a este notable sucesso y se refiere el desgraciado fin que tuvieron el amo y el negro."
=599  \\$aItem no. T16 in volume T.1955.$5Uk
=533  \\$aElectronic Reproduction$bLondon$cBritish Library$d2012$nItem no. T16 in volume T.1955.$5Uk
=650  \0$aRevenge.
=650  \4$aFernando de Aragon (Fictitious character)
=650  \4$aElvira Romero (Fictitious character)
=650  \4$aVenganza
=650  \4$aEsclavos.
=653  \1$aFernando de Aragon (Personaje ficticio)
=653  \1$aElvira Romero (Personaje ficticio)
=655  \7$aChapbooks$zSpain.$2rbgenr
=662  \\$aSpain$dRonda (Málaga)$2lcsh-naf
=740  02$aSegunda parte en que se da fin a este notable suceso y se refiere el desgraciado fin que tuvieron el amo y el negro.
=752  \\$aSpain$dValencia.
=856  40$uhttp://cudl.lib.cam.ac.uk/view/PR-T-01955-00016$yCambridge Digital Library
=859  \\$aXLD$bCambridge Digital Library
=CAT  \\$aWR14_159$b00$c20141016$lBLL01$h1656
=CAT  \\$aWR14_181$c20150323$lBLL01$h1403
=CAT  \\$aW1606-1753$c20171028$lBLL01$h1604
=SRC  \\$aBLWrongdoing
=LAS  \\$aW1606-1753$b00$c20171028$lBLL01$h1604

