=LDR  01686 am a2200433 a 4500
=001  016895436
=003  Uk
=005  20140528120404.0
=006  m\\\\||\\d\|\\\\\\
=007  cr\|||||||||||
=008  140528q17461774sp\a\\\\o\\\\\000\0\spa\\
=FMT  \\$a  BK
=040  \\$aUkCU$beng$cUkCU$dUk
=245  00$aSiete romances de Don Rodrigo Calderon :$bcon algunas cosas de su muerte y un romance muy famoso de la muerte del rey Felipe Tercero.
=260  \\$aEn Valencia :$bEn la imprenta de Agustin Laborda, vive en la Bolserìa,$c[between 1746 and 1774]
=300  \\$a1 online resource
=336  \\$atext$2rdacontent
=337  \\$acomputer$2rdamedia
=338  \\$aonline resources$2rdacarrier
=500  \\$aText printed in two columns.
=500  \\$aThree separate illustrations at head of title.
=500  \\$aIn verse.
=500  \\$aCaption title.
=500  \\$aImprint from colophon.
=599  \\$aItem no. T17 in volume T.1955.$5Uk
=533  \\$aElectronic Reproduction$bLondon$cBritish Library$d2012$nItem no. T17 in volume T.1955.$5Uk
=600  10$aCalderón, Rodrigo,$dd. 1621.
=600  14$aCalderón, Rodrigo,$dm. 1621.
=600  00$aPhilip$bIII,$cKing of Spain,$d1578-1621.
=653  \1$aFelipe III, Rey de España, 1578-1621.
=655  \7$aChapbooks$zSpain.$2rbgenr
=752  \\$aSpain$dValencia.
=856  40$uhttp://cudl.lib.cam.ac.uk/view/PR-T-01955-00017$yCambridge Digital Library
=859  \\$aXLD$bCambridge Digital Library
=CAT  \\$aWR14_159$b00$c20141016$lBLL01$h1656
=CAT  \\$aWR14_181$c20150323$lBLL01$h1403
=CAT  \\$aW1606-1753$c20171028$lBLL01$h1604
=SRC  \\$aBLWrongdoing
=LAS  \\$aW1606-1753$b00$c20171028$lBLL01$h1604

