=LDR  02359 am a2200517 a 4500
=001  016895438
=003  Uk
=005  20140528122405.0
=006  m\\\\||\\d\|\\\\\\
=007  cr\|||||||||||
=008  140528s1760\\\\sp\a\\\\o\\\\\000\0\spa\\
=FMT  \\$a  BK
=040  \\$aUkCU$beng$cUkCU$dUk
=245  00$aCurioso y nuevo romance de Doña Maria Magdalena y su amante Don Manuel de Morales, naturales de la ciudad de Toledo :$bdase cuenta de los varios sucessos que le acaecieron por un mayordomo de su casa, como lo verà el curioso lector : primera parte.
=260  \\$aCon licencia en Madrid :$bEn la imprenta de Francisco Xavier García, se hallarà en la Lonja de papel de Andrès de Soto, mas abaxo de la Porterìa de San Martin,$caño 1760.
=300  \\$a1 online resource
=336  \\$atext$2rdacontent
=337  \\$acomputer$2rdamedia
=338  \\$aonline resources$2rdacarrier
=500  \\$aText printed in two columns.
=500  \\$aTwo separate illustrations at head of title; second part with two additional illustrations at head of title.
=500  \\$aIn verse.
=500  \\$aCaption title.
=500  \\$aImprint from colophon.
=500  \\$aIn two parts. Part two has title: "Segunda parte de los romances de Doña Maria Magdalena y de los fracasos que la sucedieron y como le diò muerte à su amante, hasta que por fin se retirò à un convento."
=599  \\$aItem no. T19 in volume T.1955.$5Uk
=533  \\$aElectronic Reproduction$bLondon$cBritish Library$d2012$nItem no. T19 in volume T.1955.$5Uk
=650  \4$aManuel de Morales (Fictitious character)
=650  \0$aRevenge.
=650  \0$aWomen$xCrimes against.
=650  \4$aVenganza.
=650  \4$aMujeres$xDelitos contra las.
=650  \4$aConventos.
=653  \1$aManuel de Morales (Personaje ficticio)
=650  \0$aHousehold employees.
=650  \4$aServicio doméstico.
=655  \7$aChapbooks$zSpain.$2rbgenr
=662  \\$aSpain$dToledo$2lcsh-naf
=752  \\$aSpain$dMadrid.
=856  40$uhttp://cudl.lib.cam.ac.uk/view/PR-T-01955-00019$yCambridge Digital Library
=859  \\$aXLD$bCambridge Digital Library
=CAT  \\$aWR14_159$b00$c20141016$lBLL01$h1656
=CAT  \\$aWR14_181$c20150323$lBLL01$h1403
=CAT  \\$aW1606-1753$c20171028$lBLL01$h1604
=SRC  \\$aBLWrongdoing
=LAS  \\$aW1606-1753$b00$c20171028$lBLL01$h1604

