=LDR  02334 am a2200505 a 4500
=001  016895439
=003  Uk
=005  20140528122905.0
=006  m\\\\||\\d\|\\\\\\
=007  cr\|||||||||||
=008  140528q17461774sp\a\\\\o\\\\\000\0\spa\\
=FMT  \\$a  BK
=040  \\$aUkCU$beng$cUkCU$dUk
=245  00$aPrimera parte de la admirable historia de Don Carlos y Lucinda, naturales de Valencia, y como á un hijo que tuvieron, llamado Julian le hablò un ciervo saliendo à caza :$bdeclarase lo que le dixo y lo que despues le sucediò à Julian.
=260  \\$aSe hallarà en Valencia :$bEn la imprenta de Agustin Laborda, vive en la Bolserìa,$c[between 1746 and 1774]
=300  \\$a1 online resource
=336  \\$atext$2rdacontent
=337  \\$acomputer$2rdamedia
=338  \\$aonline resources$2rdacarrier
=500  \\$aText printed in two columns.
=500  \\$aIllustration at head of title; second part with additional illustration at head of title.
=500  \\$aIn verse.
=500  \\$aCaption title.
=500  \\$aIn two parts. Part two has title: Segunda parte de la historia de Don Carlos y Lucinda y como fueron muertos à manos de su hijo Julian, sin conocerlos èl, saliendo cierto el pronostico del ciervo : y como èl con su esposa se fueron à un hospital à hacer penitencia.
=599  \\$aItem no. T20 in volume T.1955.$5Uk
=533  \\$aElectronic Reproduction$bLondon$cBritish Library$d2012$nItem no. T20 in volume T.1955.$5Uk
=650  \0$aAtrocities.
=650  \0$aParricide.
=650  \0$aForecasting.
=650  \4$aAtrocidades.
=650  \4$aParricidio.
=650  \4$aPronóstico.
=650  \4$aCiervos.
=655  \7$aChapbooks$zSpain.$2rbgenr
=662  \\$aSpain$dValencia$2lcsh-naf
=700  1\$aWilson, Edward M.$q(Edward Meryon),$d1906-1977,$edonor.$5UkCU
=740  02$aSegunda parte de la historia de Don Carlos y Lucinda y como fueron muertos à manos de su hijo Julian.
=752  \\$aSpain$dValencia.
=856  40$uhttp://cudl.lib.cam.ac.uk/view/PR-T-01955-00020$yCambridge Digital Library
=859  \\$aXLD$bCambridge Digital Library
=CAT  \\$aWR14_159$b00$c20141016$lBLL01$h1656
=CAT  \\$aWR14_181$c20150323$lBLL01$h1403
=CAT  \\$aW1606-1753$c20171028$lBLL01$h1604
=SRC  \\$aBLWrongdoing
=LAS  \\$aW1606-1753$b00$c20171028$lBLL01$h1604

