=LDR  02092 am a2200505 a 4500
=001  016895440
=003  Uk
=005  20140528123300.0
=006  m\\\\||\\d\|\\\\\\
=007  cr\|||||||||||
=008  140528q17461774sp\a\\\\o\\\\\000\0\spa\\
=FMT  \\$a  BK
=040  \\$aUkCU$beng$cUkCU$dUk
=245  00$aPrimera parte del esclavo de su dama:$bDon Felix de Roxas.
=246  30$aDon Felix de Roxas
=260  \\$aSe hallarà en Valencia :$bEn la imprenta de Agustin Laborda y Campo, vive en la Bolserìa,$c[between 1746 and 1774]
=300  \\$a1 online resource
=336  \\$atext$2rdacontent
=337  \\$acomputer$2rdamedia
=338  \\$aonline resources$2rdacarrier
=500  \\$aText printed in two columns.
=500  \\$aIllustration at head of title; second part with additional illustration at head of title.
=500  \\$aIn verse.
=500  \\$aCaption title.
=500  \\$aIn two parts. Part two has title: Segunda parte de como Doña Margarita fuè à vér à su amante à el hospital disfrazada y el fin dichosos de sus sucessos.
=599  \\$aItem no. T21 in volume T.1955.$5Uk
=533  \\$aElectronic Reproduction$bLondon$cBritish Library$d2012$nItem no. T21 in volume T.1955.$5Uk
=650  \0$aCourtship.
=650  \4$aFelix de Roxas (Fictitious character)
=650  \4$aCotejo amoroso.
=650  \4$aEsclavos.
=650  \4$aHospitales.
=653  \1$aFelix de Roxas (Personaje ficticio)
=655  \7$aChapbooks$zSpain.$2rbgenr
=662  \\$aSpain$dSeville$2lcsh-naf
=662  \\$aSpain$dMadrid$2lcsh-naf
=740  02$aSegunda parte de como Doña Margarita fuè à vér à su amante à el hospital disfrazada y el fin dichosos de sus sucessos.
=752  \\$aSpain$dValencia.
=856  40$uhttp://cudl.lib.cam.ac.uk/view/PR-T-01955-00021$yCambridge Digital Library
=859  \\$aXLD$bCambridge Digital Library
=CAT  \\$aWR14_159$b00$c20141016$lBLL01$h1656
=CAT  \\$aWR14_181$c20150323$lBLL01$h1403
=CAT  \\$aW1606-1753$c20171028$lBLL01$h1604
=SRC  \\$aBLWrongdoing
=LAS  \\$aW1606-1753$b00$c20171028$lBLL01$h1604

