=LDR  01953 am a2200457 a 4500
=001  016895441
=003  Uk
=005  20140528123854.0
=006  m\\\\||\\d\|\\\\\\
=007  cr\|||||||||||
=008  140528q17991850sp\a\\\\o\\\\\000\0\spa\\
=FMT  \\$a  BK
=040  \\$aUkCU$beng$cUkCU$dUk
=245  00$aAdmirable historia del rey Casimiro de Irlanda y la princesa Enriqueta su hija, y los dos príncipes sus pretendientes :$bprimera parte.
=260  \\$a[S.l. :$bs.n.,$cbetween 1799 and 1850?]
=300  \\$a1 online resource
=336  \\$atext$2rdacontent
=337  \\$acomputer$2rdamedia
=338  \\$aonline resources$2rdacarrier
=500  \\$aText printed in two columns.
=500  \\$aThree separate illustrations at head of title.
=500  \\$aIn verse.
=500  \\$aCaption title.
=500  \\$aIn two parts. Part two has title: "Prosigue la admirable historia del rey Casimiro de Irlanda y la princesa Enriqueta su hija y los dos príncipes sus pretendientes: segunda parte."
=599  \\$aItem no. T22 in volume T.1955.$5Uk
=533  \\$aElectronic Reproduction$bLondon$cBritish Library$d2012$nItem no. T22 in volume T.1955.$5Uk
=650  \4$aCasimiro de Irlanda (Fictitious character)
=650  \0$aCourtship.
=650  \4$aCortejo amoroso.
=653  \1$aCasimiro de Irlanda (Personaje ficticio)
=655  \7$aChapbooks$zSpain.$2rbgenr
=662  \\$aSpain$dBarcelona$2lcsh-naf
=662  \\$aIreland$2lcsh-naf
=740  02$aProsigue la admirable historia del rey Casimiro de Irlanda y la princesa Enriqueta su hija y los dos príncipes sus pretendientes.
=856  40$uhttp://cudl.lib.cam.ac.uk/view/PR-T-01955-00022$yCambridge Digital Library
=859  \\$aXLD$bCambridge Digital Library
=CAT  \\$aWR14_159$b00$c20141016$lBLL01$h1656
=CAT  \\$aWR14_181$c20150323$lBLL01$h1403
=CAT  \\$aW1606-1753$c20171028$lBLL01$h1604
=SRC  \\$aBLWrongdoing
=LAS  \\$aW1606-1753$b00$c20171028$lBLL01$h1604

