=LDR  02491 am a2200505 a 4500
=001  016895442
=003  Uk
=005  20140530173125.0
=006  m\\\\||\\d\|\\\\\\
=007  cr\|||||||||||
=008  140528q17531781sp\a\\\\o\\\\\000\0\spa\\
=FMT  \\$a  BK
=040  \\$aUkCU$beng$cUkCU$dUk
=245  03$aEl casamiento entre dos damas :$bCurioso romance, en que se refieren los sucessos de una señora natural de la Ciudad de Viena, Corte del Imperio, y la varia fortuna que tuvo, havien dose salido de su patria en busca de un amante suyo : primera parte.
=246  30$aCurioso romance, en que se refieren los sucesos de una señora natural de la Ciudad de Viena
=260  \\$aCon licencia en Madrid :$bEn la imprenta de Francisco Xavier Garcia, se hallarà en casa de Andrès de Sotos, mas abaxo de la Porterìa de San Martin,$c[between 1753 and 1781?]
=300  \\$a1 online resource
=336  \\$atext$2rdacontent
=337  \\$acomputer$2rdamedia
=338  \\$aonline resources$2rdacarrier
=500  \\$aText printed in two columns.
=500  \\$aIllustration at head of title; second part with additional illustration at head of title.
=500  \\$aIn verse.
=500  \\$aCaption title.
=500  \\$aIn two parts. Part two has title: "Curioso y nuevo romance en que se finalizan los sucessos de esta principal señora, con el mas raro caso que han visto los nacidos, como lo verà el curioso en esta segunda parte."
=599  \\$aItem no. T23 in volume T.1955.$5Uk
=533  \\$aElectronic Reproduction$bLondon$cBritish Library$d2012$nItem no. T23 in volume T.1955.$5Uk
=650  \0$aSex role.
=650  \0$aMistaken identity.
=650  \4$aRol sexual.
=653  \0$aFalsificación de identidad.
=655  \7$aChapbooks$zSpain.$2rbgenr
=662  \\$aAustria$dVienna$2lcsh-naf
=662  \\$aGreece$2lcsh-naf
=700  1\$aGarcia, Francisco Xavier,$d1753-approximately 1781,$eprinter.$5Uk
=700  1\$aSotos, Andrés de,$dactive 1764-1792,$ebookseller.$5Uk
=740  02$aCurioso y nuevo romance en que se finalizan los sucessos de esta principal señora.
=752  \\$aSpain$dMadrid.
=856  40$uhttp://cudl.lib.cam.ac.uk/view/PR-T-01955-00023$yCambridge Digital Library
=859  \\$aXLD$bCambridge Digital Library
=CAT  \\$aWR14_159$b00$c20141016$lBLL01$h1656
=CAT  \\$aWR14_181$c20150323$lBLL01$h1403
=CAT  \\$aW1606-1753$c20171028$lBLL01$h1604
=SRC  \\$aBLWrongdoing
=LAS  \\$aW1606-1753$b00$c20171028$lBLL01$h1604

