=LDR  02455 am a2200493 a 4500
=001  016895443
=003  Uk
=005  20140530172520.0
=006  m\\\\||\\d\|\\\\\\
=007  cr\|||||||||||
=008  140528s1760\\\\sp\a\\\\o\\\\\000\0\spa\\
=FMT  \\$a  BK
=040  \\$aUkCU$beng$cUkCU$dUk
=245  03$aEl cortante de Cadiz :$bNueva y curiosa relacion de la mas prodigiosa historia que han oído los mortales, en que se declara la feliz fortuna que tuvo un hijo de un cortante de la ciudad de Cádiz, llevándoselo un mercader á las Indias : Dáse cuenta como volvió á España por permision del cielo y se casó con la hija de un mercader causante de su desgracia y dicha : como mas largamente verá el curioso lector : primera parte.
=260  \\$aCon licencia en Madrid :$bEn la imprenta de Francisco Xavier Garcia, calle de los Capellanes, se hallarà en la Lonja de papel de Andrès de Sotos, mas abaxo de la Porterìa de San Martin,$caño 1760.
=300  \\$a1 online resource
=336  \\$atext$2rdacontent
=337  \\$acomputer$2rdamedia
=338  \\$aonline resources$2rdacarrier
=500  \\$aText printed in two columns.
=500  \\$aIllustration at head of title; second part with additional illustration at head of title.
=500  \\$aIn verse.
=500  \\$aCaption title.
=500  \\$aImprint from colophon.
=500  \\$aIn two parts. Part two has title: "Prosigue la historia del hijo del cortante de la ciudad de Cadiz: segunda parte."
=599  \\$aItem no. T24 in volume T.1955.$5Uk
=533  \\$aElectronic Reproduction$bLondon$cBritish Library$d2012$nItem no. T24 in volume T.1955.$5Uk
=650  \0$aRevenge.
=650  \4$aVenganza.
=650  \4$aComerciantes.
=650  \4$aEsclavos.
=655  \7$aChapbooks$zSpain.$2rbgenr
=662  \\$aSpain$dCádiz$2lcsh-naf
=700  1\$aGarcia, Francisco Xavier,$d1753-approximately 1781,$eprinter.$5Uk
=700  1\$aSotos, Andrés de,$dactive 1764-1792,$ebookseller.$5Uk
=740  02$aProsigue la historia del hijo del cortante de la ciudad de Cadiz.
=752  \\$aSpain$dMadrid.
=856  40$uhttp://cudl.lib.cam.ac.uk/view/PR-T-01955-00024$yCambridge Digital Library
=859  \\$aXLD$bCambridge Digital Library
=CAT  \\$aWR14_159$b00$c20141016$lBLL01$h1656
=CAT  \\$aWR14_181$c20150323$lBLL01$h1403
=CAT  \\$aW1606-1753$c20171028$lBLL01$h1604
=SRC  \\$aBLWrongdoing
=LAS  \\$aW1606-1753$b00$c20171028$lBLL01$h1604

