=LDR  02423 am a2200493 a 4500
=001  016895444
=003  Uk
=005  20140530173119.0
=006  m\\\\||\\d\|\\\\\\
=007  cr\|||||||||||
=008  140528q17531781sp\a\\\\o\\\\\000\0\spa\\
=FMT  \\$a  BK
=040  \\$aUkCU$beng$cUkCU$dUk
=245  03$aEl cautivo de Gyrona :$bNueva relacion y copia de una carta que escriviò à su padre en que diò à entender los tormentos que padecia en su cautiverio en la ciudad de Argel, como verà el curioso lector : primera parte..
=246  30$aNueva relacion y copia de una carta que escriviò à su padre en que diò à entender los tormentos que padecia en su cautiverio en la ciudad de Argel
=260  \\$aCon licencia en Madrid :$bEn la imprenta de Francisco Xavier Garcia, se hallará en casa de Andrès de Sotos, mas abaxo de la Porterìa de San Martin,$c[between 1753 and 1781?]
=300  \\$a1 online resource
=336  \\$atext$2rdacontent
=337  \\$acomputer$2rdamedia
=338  \\$aonline resources$2rdacarrier
=500  \\$aText printed in two columns.
=500  \\$aThree separate illustrations incorporated within title; second part with three additional illustrations incorporated within title.
=500  \\$aIn verse.
=500  \\$aCaption title.
=500  \\$aImprint from colophon.
=500  \\$aIn two parts. Part two has title: "El cautivo de Gyrona: respuesta que embiò el padre à su hijo, consolandolo en sus trabajos y de la forma que fue rescatado: segunda parte."
=599  \\$aItem no. T25 in volume T.1955.$5Uk
=533  \\$aElectronic Reproduction$bLondon$cBritish Library$d2012$nItem no. T25 in volume T.1955.$5Uk
=650  \0$aFathers and sons.
=650  \4$aPadres e hijos.
=650  \4$aCautivos.
=655  \7$aChapbooks$zSpain.$2rbgenr
=662  \\$aSpain$dGerona$2lcsh-naf
=662  \\$aAlgeria$2lcsh-naf
=700  1\$aGarcia, Francisco Xavier,$d1753-approximately 1781,$eprinter.$5Uk
=700  1\$aSotos, Andrés de,$dactive 1764-1792,$ebookseller.$5Uk
=752  \\$aSpain$dMadrid.
=856  40$uhttp://cudl.lib.cam.ac.uk/view/PR-T-01955-00025$yCambridge Digital Library
=859  \\$aXLD$bCambridge Digital Library
=CAT  \\$aWR14_159$b00$c20141016$lBLL01$h1656
=CAT  \\$aWR14_181$c20150323$lBLL01$h1403
=CAT  \\$aW1606-1753$c20171028$lBLL01$h1604
=SRC  \\$aBLWrongdoing
=LAS  \\$aW1606-1753$b00$c20171028$lBLL01$h1604

