=LDR  02419 am a2200469 a 4500
=001  016895448
=003  Uk
=005  20140528152205.0
=006  m\\\\||\\d\|\\\\\\
=007  cr\|||||||||||
=008  140528q17461774sp\a\\\\o\\\\\000\0\spa\\
=FMT  \\$a  BK
=040  \\$aUkCU$beng$cUkCU$dUk
=245  00$aNuevo y curioso romance en que se refieren los amores de la hermosa Isabela, infanta de Suecia, de la qual se enamorò un cavallero llamado Lelio :$by como le diò muerte otro cavallero llamado Anfriso, el qual se casò con ella : con todo lo demàs que verà el curioso letor : primera parte.
=260  \\$aSe hallarà en Valencia :$bEn la imprenta de Agustin Laborda, vive en la Bolserìa,$c[between 1746 and 1774]
=300  \\$a1 online resource
=336  \\$atext$2rdacontent
=337  \\$acomputer$2rdamedia
=338  \\$aonline resources$2rdacarrier
=500  \\$aText printed in two columns.
=500  \\$aIllustration incorporated within title; second part with additional illustration at head of title.
=500  \\$aIn verse.
=500  \\$aCaption title.
=500  \\$aImprint from colophon.
=500  \\$aIn two parts. Part two has title: "Nuevo y curioso romance en que se da fin à los amores de Isabela y Anfriso: declarase como el Rey los mandò quemar por haver quebrantado el edicto que havia publicado y como la plebe los aclamò por reyes por lo qual el Rey revocò la sentencia y se casaron y como sucedieron al Rey, despues de sus dias, con todo lo demàs que verà el curioso lector: segunda parte."
=599  \\$aItem no. T29 in volume T.1955.$5Uk
=533  \\$aElectronic Reproduction$bLondon$cBritish Library$d2012$nItem no. T29 in volume T.1955.$5Uk
=650  \0$aMan-woman relationships.
=650  \0$aCrimes of passion.
=650  \4$aRelaciones hombre-mujer.
=650  \4$aCrímenes de pasión.
=655  \7$aChapbooks$zSpain.$2rbgenr
=662  \\$aSweden$2lcsh-naf
=740  02$aNuevo y curioso romance en que se da fin à los amores de Isabela y Anfriso.
=752  \\$aSpain$dMadrid.
=856  40$uhttp://cudl.lib.cam.ac.uk/view/PR-T-01955-00029$yCambridge Digital Library
=859  \\$aXLD$bCambridge Digital Library
=CAT  \\$aWR14_159$b00$c20141016$lBLL01$h1656
=CAT  \\$aWR14_181$c20150323$lBLL01$h1403
=CAT  \\$aW1606-1753$c20171028$lBLL01$h1604
=SRC  \\$aBLWrongdoing
=LAS  \\$aW1606-1753$b00$c20171028$lBLL01$h1604

