=LDR  02366 am a2200517 a 4500
=001  016895449
=003  Uk
=005  20140528153443.0
=006  m\\\\||\\d\|\\\\\\
=007  cr\|||||||||||
=008  140528s1760\\\\sp\a\\\\o\\\\\000\0\spa\\
=FMT  \\$a  BK
=040  \\$aUkCU$beng$cUkCU$dUk
=245  00$aJardin engañoso :$bNueva relacion y curioso romance en que se refieren los amores de Don Fadrique de Alvára, Don Joseph de Alvára, Doña Constanza y Doña Theodosia : dase cuenta como Don Fadrique diò muerte à su hermano y lo echò en un pozo y le entregò el alma al demonio por gozar de Doña Constanza : y como casò con Doña Theodosia, con todo lo demàs que verà el curioso en esta primera parte.
=246  30$aNueva relacion y curioso romance en que se refieren los amores de Don Fadrique de Alvára, Don Joseph de Alvára, Doña Constanza y Doña Theodosia
=260  \\$aCon licencia en Madrid :$bEn la imprenta de Francisco Xavier García, se hallarà en la Lonja de papel, mas abaxo de la Porterìa de San Martin,$caño de 1760.
=300  \\$a1 online resource
=336  \\$atext$2rdacontent
=337  \\$acomputer$2rdamedia
=338  \\$aonline resources$2rdacarrier
=500  \\$aText printed in two columns.
=500  \\$aIn verse.
=500  \\$aIllustration at head of title.
=500  \\$aCaption title.
=500  \\$aImprint from colophon.
=500  \\$aIn two parts. Part two has title: "Segunda parte del jardin engañoso."
=599  \\$aItem no. T30 in volume T.1955.$5Uk
=533  \\$aElectronic Reproduction$bLondon$cBritish Library$d2012$nItem no. T30 in volume T.1955.$5Uk
=650  \0$aFratricide.
=650  \0$aCourtship.
=650  \4$aFratricidio.
=650  \4$aCortejo amoroso.
=650  \4$aDemonio.
=650  \4$aBodas.
=655  \7$aChapbooks$zSpain.$2rbgenr
=662  \\$aPortugal$dLisbon$2lcsh-naf
=662  \\$aItaly$2lcsh-naf
=740  02$aSegunda parte del jardin engañoso.
=752  \\$aSpain$dMadrid.
=856  40$uhttp://cudl.lib.cam.ac.uk/view/PR-T-01955-00030$yCambridge Digital Library
=859  \\$aXLD$bCambridge Digital Library
=CAT  \\$aWR14_159$b00$c20141016$lBLL01$h1656
=CAT  \\$aWR14_181$c20150323$lBLL01$h1403
=CAT  \\$aW1606-1753$c20171028$lBLL01$h1604
=SRC  \\$aBLWrongdoing
=LAS  \\$aW1606-1753$b00$c20171028$lBLL01$h1604

