=LDR  02613 am a2200505 a 4500
=001  016895451
=003  Uk
=005  20140528163640.0
=006  m\\\\||\\d\|\\\\\\
=007  cr\|||||||||||
=008  140528s1760\\\\sp\a\\\\o\\\\\000\0\spa\\
=FMT  \\$a  BK
=040  \\$aUkCU$beng$cUkCU$dUk
=245  00$aPrimera parte :$bNuevo y curioso romance en que se refiere la historia de una hermosa doncella llamada la linda deidad de Francia : cuentase por estenso los enredos que huvo por ella y como un cavallero, por gozarla, hizo pacto con el demonio de entregarle su alma : y lo demas que verà el curioso lector.
=246  30$aNuevo y curioso romance en que se refiere la historia de una hermosa doncella llamada la linda deidad de Francia
=260  \\$aCon licencia en Madrid :$bEn la imprenta de Francisco Xavier García, calle de los Capellanes, se hallarà en la Lonja de papel, mas abaxo de la Porterìa de San Martin,$caño 1760.
=300  \\$a1 online resource
=336  \\$atext$2rdacontent
=337  \\$acomputer$2rdamedia
=338  \\$aonline resources$2rdacarrier
=500  \\$aText printed in two columns.
=500  \\$aIllustration at head of title; second part with additional illustration at head of title.
=500  \\$aIn verse.
=500  \\$aCaption title.
=500  \\$aImprint from colophon.
=500  \\$aIn two parts. Part two has title: "Segunda parte: continuanse los sucessos de la linda deidad de Francia y se declara como la convirtiò un tio suyo y acabò en una penitente y exemplar vida en la cueba misma que estuvo al principio : con todo lo demàs que verà el curioso letor : la mesonera del cielo."
=599  \\$aItem no. T32 in volume T.1955.$5Uk
=533  \\$aElectronic Reproduction$bLondon$cBritish Library$d2012$nItem no. T32 in volume T.1955.$5Uk
=650  \0$aCourtship.
=650  \0$aRepentance$xChristianity.
=650  \4$aCortejo amoroso.
=650  \4$aArrepentimiento$xCristianismo.
=650  \4$aDemonio.
=655  \7$aChapbooks$zSpain.$2rbgenr
=662  \\$aFrance$2lcsh-naf
=740  02$aSegunda parte, continuanse los sucessos de la linda deidad de Francia y se declara como la convirtiò un tio suyo.
=740  02$aMesonera del cielo.
=752  \\$aSpain$dMadrid.
=856  40$uhttp://cudl.lib.cam.ac.uk/view/PR-T-01955-00032$yCambridge Digital Library
=859  \\$aXLD$bCambridge Digital Library
=CAT  \\$aWR14_159$b00$c20141016$lBLL01$h1656
=CAT  \\$aWR14_181$c20150323$lBLL01$h1403
=CAT  \\$aW1606-1753$c20171028$lBLL01$h1604
=SRC  \\$aBLWrongdoing
=LAS  \\$aW1606-1753$b00$c20171028$lBLL01$h1604

