=LDR  02320 am a2200493 a 4500
=001  016895452
=003  Uk
=005  20140531100612.0
=006  m\\\\||\\d\|\\\\\\
=007  cr\|||||||||||
=008  140528s1764\\\\sp\a\\\\o\\\\\000\0\spa\\
=FMT  \\$a  BK
=040  \\$aUkCU$beng$cUkCU$dUk
=043  \\$ae-sp---
=245  00$aNuevo y discreto romance que declara la peregrina historia de la gitanilla de Madrid y de la suerte que la robò una gitana en la ciudad de Zaragoza :$by los varios sucessos que le sucedieron, como se verà en esta primera parte.
=260  \\$aCon licencia en Madrid :$bEn la imprenta de Cruzada, se hallarà en la Lonja de papel de Andrès de Sotos, mas abajo de la Porterìa de San Martin,$caño de 1764.
=300  \\$a1 online resource
=336  \\$atext$2rdacontent
=337  \\$acomputer$2rdamedia
=338  \\$aonline resources$2rdacarrier
=500  \\$aText printed in two columns.
=500  \\$aThree separate illustrations at head of title.
=500  \\$aIn verse.
=500  \\$aCaption title.
=500  \\$aImprint from colophon.
=500  \\$aIn two parts. Part two has title: "La gitanilla de Madrid: en este se refiere como andando por la España vinieron à parar à Zaragoza y en manos de la justicia, por un falso testimonio, y estando sentenciada à horca, se descubriò ser hija del virrey, sin otras particularidades: segunda parte."
=599  \\$aItem no. T33 in volume T.1955.$5Uk
=533  \\$aElectronic Reproduction$bLondon$cBritish Library$d2012$nItem no. T33 in volume T.1955.$5Uk
=650  \0$aWomen, Romani$zSpain$zMadrid.
=650  \0$aMistaken identity.
=650  \4$aMujeres gitanas$zEspaña$zMadrid.
=653  \0$aFalsificación de identidad.
=655  \7$aChapbooks$zSpain.$2rbgenr
=662  \\$aSpain$dMadrid$2lcsh-naf
=662  \\$aSpain$dZaragoza$2lcsh-naf
=700  1\$aSotos, Andrés de,$dactive 1764-1792,$ebookseller.$5Uk
=752  \\$aSpain$dMadrid.
=856  40$uhttp://cudl.lib.cam.ac.uk/view/PR-T-01955-00033$yCambridge Digital Library
=859  \\$aXLD$bCambridge Digital Library
=CAT  \\$aWR14_159$b00$c20141016$lBLL01$h1656
=CAT  \\$aWR14_181$c20150323$lBLL01$h1403
=CAT  \\$aW1606-1753$c20171028$lBLL01$h1604
=SRC  \\$aBLWrongdoing
=LAS  \\$aW1606-1753$b00$c20171028$lBLL01$h1604

