=LDR  01954 am a2200433 a 4500
=001  016895453
=003  Uk
=005  20140528170006.0
=006  m\\\\||\\d\|\\\\\\
=007  cr\|||||||||||
=008  140528s1760\\\\sp\a\\\\o\\\\\000\0\spa\\
=FMT  \\$a  BK
=040  \\$aUkCU$beng$cUkCU$dUk
=100  1\$aOlmo Alfonso, Lucas del.
=245  10$aNuevo y curioso romance en que se declaran las grandezas de la Virgen y abogada nuestra, Maria Santissima de la Cabeza :$by el triunfo de David : primera parte /$ccompuesto por Lucas del Olmo.
=260  \\$aCon licencia en Madrid :$bEn la imprenta de Francisco Xavier García, se hallarà en la Lonja de papel, mas abaxo de la Porterìa de San Martin,$caño 1760.
=300  \\$a1 online resource
=336  \\$atext$2rdacontent
=337  \\$acomputer$2rdamedia
=338  \\$aonline resources$2rdacarrier
=500  \\$aText printed in two columns.
=500  \\$aIllustration at head of title; second part with additional illustration at head of title.
=500  \\$aIn verse.
=500  \\$aCaption title.
=500  \\$aImprint from colophon.
=500  \\$aIn two parts. Part two has title: "Segunda parte del romance de grandezas de nuestra Señora de la Cabeza y triunfo de Judith, compuesto por Lucas del Olmo."
=599  \\$aItem no. T34 in volume T.1955.$5Uk
=533  \\$aElectronic Reproduction$bLondon$cBritish Library$d2012$nItem no. T34 in volume T.1955.$5Uk
=650  \0$aChristian literature, Spanish.
=650  \4$aLiteratura religiosa española.
=655  \7$aChapbooks$zSpain.$2rbgenr
=752  \\$aSpain$dMadrid.
=856  40$uhttp://cudl.lib.cam.ac.uk/view/PR-T-01955-00034$yCambridge Digital Library
=859  \\$aXLD$bCambridge Digital Library
=CAT  \\$aWR14_159$b00$c20141016$lBLL01$h1656
=CAT  \\$aWR14_181$c20150323$lBLL01$h1403
=CAT  \\$aW1606-1753$c20171028$lBLL01$h1604
=SRC  \\$aBLWrongdoing
=LAS  \\$aW1606-1753$b00$c20171028$lBLL01$h1604

