=LDR  01795 am a2200445 a 4500
=001  016895454
=003  Uk
=005  20140528172855.0
=006  m\\\\||\\d\|\\\\\\
=007  cr\|||||||||||
=008  140528q17461774sp\a\\\\o\\\\\000\0\spa\\
=FMT  \\$a  BK
=040  \\$aUkCU$beng$cUkCU$dUk
=100  1\$aSancho, Vicente,$d1784-
=245  10$aRomance famoso de el sangriento encuentro que tuvieron siete navios turquescos con uno genovès llamado la Virgen de Loreto, cuyo capitan es Agustin Germàn, à 8. de marzo de 1679 :$bDel valeroso German/$ccompuesto por Mosen Vicente Sancho, natural de la Villa de Xabea.
=246  30$aDel valeroso German
=260  \\$aVendese en Valencia :$bEn la imprenta de Agustin Laborda, vive en la Bolserìa,$c[between 1746 and 1774]
=300  \\$a1 online resource
=336  \\$atext$2rdacontent
=337  \\$acomputer$2rdamedia
=338  \\$aonline resources$2rdacarrier
=500  \\$aText printed in two columns.
=500  \\$aIllustration below title.
=500  \\$aIn verse.
=500  \\$aCaption title.
=599  \\$aItem no. T1 in volume T.1958.$5Uk
=533  \\$aElectronic Reproduction$bLondon$cBritish Library$d2012$nItem no. T1 in volume T.1958.$5Uk
=650  \4$aAgustin German (Fictitious character)
=650  \0$aShips.
=650  \4$aBarcos.
=653  \1$aAgustin German (Personaje ficticio)
=655  \7$aChapbooks$zSpain.$2rbgenr
=752  \\$aSpain$dValencia.
=856  40$uhttp://cudl.lib.cam.ac.uk/view/PR-T-01958-00001$yCambridge Digital Library
=859  \\$aXLD$bCambridge Digital Library
=CAT  \\$aWR14_159$b00$c20141016$lBLL01$h1656
=CAT  \\$aWR14_181$c20150323$lBLL01$h1403
=CAT  \\$aW1606-1753$c20171028$lBLL01$h1604
=SRC  \\$aBLWrongdoing
=LAS  \\$aW1606-1753$b00$c20171028$lBLL01$h1604

