=LDR  02131 am a2200445 a 4500
=001  016895456
=003  Uk
=005  20140529110130.0
=006  m\\\\||\\d\|\\\\\\
=007  cr\|||||||||||
=008  140529s1758\\\\sp\a\\\\o\\\\\000\0\spa\\
=FMT  \\$a  BK
=040  \\$aUkCU$beng$cUkCU$dUk
=245  00$aNueva y discreta relacion para representar ò cantar :$ben que se declara la disputa que tuvo una discreta señora con el maestro Manuel Diaz, preguntando què cosa es muger? què cosa es amor? y quales son sus grandezas : la explicacion que hace y lo demàs que verà el curioso lector : primera parte.
=260  \\$aCon licencia en Valencia :$bEn la imprenta de Agustin Laborda, vive en la Bolserìa ...,$caño 1758.
=300  \\$a1 online resource
=336  \\$atext$2rdacontent
=337  \\$acomputer$2rdamedia
=338  \\$aonline resources$2rdacarrier
=500  \\$aText printed in two columns.
=500  \\$aTwo separate illustrations at head of title; second part with two additional illustrations at head of title.
=500  \\$aIn verse.
=500  \\$aCaption title.
=500  \\$aImprint from colophon.
=500  \\$aIn two parts. Part two has title: "Discreta pintura y metricos discursos en que un fino amante explica sus amorosos extremos à su amado dueño, celebrandole sus peregrinas perfecciones: segunda parte."
=599  \\$aPt. 1 is item no. T3 in volume T.1958; pt. 2 is item no. 3* in volume T.1958.$5UkCU
=533  \\$aElectronic Reproduction$bLondon$cBritish Library$d2012$nPt. 1 is item no. T3 in volume T.1958; pt. 2 is item no. 3* in volume T.1958.$5Uk
=650  \0$aWomen.
=650  \4$aMujeres.
=650  \0$aLove.
=650  \4$aAmor.
=655  \7$aChapbooks$zSpain.$2rbgenr
=752  \\$aSpain$dValencia.
=856  40$uhttp://cudl.lib.cam.ac.uk/view/PR-T-01958-00003$yCambridge Digital Library
=859  \\$aXLD$bCambridge Digital Library
=CAT  \\$aWR14_159$b00$c20141016$lBLL01$h1656
=CAT  \\$aWR14_181$c20150323$lBLL01$h1403
=CAT  \\$aW1606-1753$c20171028$lBLL01$h1604
=SRC  \\$aBLWrongdoing
=LAS  \\$aW1606-1753$b00$c20171028$lBLL01$h1604

