=LDR  02510 am a2200541 a 4500
=001  016895458
=003  Uk
=005  20140531100657.0
=006  m\\\\||\\d\|\\\\\\
=007  cr\|||||||||||
=008  140529q17531781sp\a\\\\o\\\\\000\0\spa\\
=FMT  \\$a  BK
=040  \\$aUkCU$beng$cUkCU$dUk
=245  00$aNueva relacion y curioso romance en que se refiere un portentoso milagro que ha obrado la Virgen Santissima del Carmen con una señora viuda, que navegaba à Roma con tres hijos pequeños à los que cautivaron los turcos :$by como los libertò milagrosamente : primera parte.
=260  \\$aCon licencia en Madrid :$bSe hallarà en la Lonja de papel de Andrès de Sotos, junto la Portería de San Martin,$c[between 1753 and 1781?]
=300  \\$a1 online resource
=336  \\$atext$2rdacontent
=337  \\$acomputer$2rdamedia
=338  \\$aonline resources$2rdacarrier
=500  \\$aText printed in two columns.
=500  \\$aThree separate illustrations at head of title; second part with two additional illustrations at head of title.
=500  \\$aIn verse.
=500  \\$aCaption title.
=500  \\$aImprint from colophon.
=500  \\$aIn two parts. Part two has title: "Segunda parte en que se da fin a los sucessos y trabajos que padeciò Doña Francisca la Cautiva."
=599  \\$aItem no. T5 in volume T.1958.$5Uk
=533  \\$aElectronic Reproduction$bLondon$cBritish Library$d2012$nItem no. T5 in volume T.1958.$5Uk
=600  10$aEspiritu Santo, María del Carmen del$xApparitions and miracles.
=600  14$aEspiritu Santo, María del Carmen del$xApariciones y milagros.
=650  \0$aWomen$xAbuse of.
=650  \0$aWidows.
=650  \4$aMujeres$xAbuso de.
=650  \4$aMujeres viudas
=650  \4$aCautivos.
=655  \7$aChapbooks$zSpain.$2rbgenr
=662  \\$aItaly$dRome$2lcsh-naf
=662  \\$aItaly$dNaples$2lcsh-naf
=700  1\$aSotos, Andrés de,$dactive 1764-1792,$eprinter.$5Uk
=740  02$aSegunda parte en que se da fin a los sucessos y trabajos que padeciò Doña Francisca la Cautiva.
=752  \\$aSpain$dMadrid.
=856  40$uhttp://cudl.lib.cam.ac.uk/view/PR-T-01958-00005$yCambridge Digital Library
=859  \\$aXLD$bCambridge Digital Library
=CAT  \\$aWR14_159$b00$c20141016$lBLL01$h1656
=CAT  \\$aBATCH-UPD$b00$c20141016$lBLL01$h1715
=CAT  \\$aWR14_181$c20150323$lBLL01$h1403
=CAT  \\$aW1606-1753$c20171028$lBLL01$h1604
=SRC  \\$aBLWrongdoing
=LAS  \\$aW1606-1753$b00$c20171028$lBLL01$h1604

