=LDR  02388 am a2200505 a 4500
=001  016895459
=003  Uk
=005  20140530172821.0
=006  m\\\\||\\d\|\\\\\\
=007  cr\|||||||||||
=008  140529q17531781sp\a\\\\o\\\\\000\0\spa\\
=FMT  \\$a  BK
=040  \\$aUkCU$beng$cUkCU$dUk
=245  00$aNueva relacion y curioso romance en que se dà cuenta de los arrojos y arrestos que hasta oy ha hecho una muger llamada Doña Josepha Ramirez y la felicidad con que saliò de todos ellos, como lo verà el curioso letor :$bprimera parte.
=260  \\$aCon licencia en Madrid :$bEn la imprenta de Francisco Xavier Garcia, se hallarà en la Lonja de papel de Andrès de Sotos, mas abaxo de la Porterìa de San Martin,$c[between 1753 and 1781?]
=300  \\$a1 online resource
=336  \\$atext$2rdacontent
=337  \\$acomputer$2rdamedia
=338  \\$aonline resources$2rdacarrier
=500  \\$aText printed in two columns.
=500  \\$aThree separate illustrations at head of title.
=500  \\$aIn verse.
=500  \\$aCaption title.
=500  \\$aImprint from colophon.
=500  \\$aIn two parts. Part two has title: "Segunda parte en que se refiere el cautiverio de Doña Josepha Ramirez y los varios sucessos que passò hasta el fin de su vida."
=599  \\$aItem no. T6 in volume T.1958.$5Uk
=533  \\$aElectronic Reproduction$bLondon$cBritish Library$d2012$nItem no. T6 in volume T.1958.$5Uk
=650  \0$aMurder.
=650  \4$aAsesinato.
=650  \4$aJosepha Ramirez (Fictitious character)
=650  \4$aCautivos.
=653  \1$aJosepha Ramirez (Personaje ficticio)
=655  \7$aChapbooks$zSpain.$2rbgenr
=662  \\$aSpain$dValencia$2lcsh-naf
=700  1\$aGarcia, Francisco Xavier,$d1753-approximately 1781,$eprinter.$5Uk
=700  1\$aSotos, Andrés de,$dactive 1764-1792,$ebookseller.$5Uk
=740  02$aSegunda parte en que se refiere el cautiverio de Doña Josepha Ramirez y los varios sucessos que passò hasta el fin de su vida.
=752  \\$aSpain$dMadrid.
=856  40$uhttp://cudl.lib.cam.ac.uk/view/PR-T-01958-00006$yCambridge Digital Library
=859  \\$aXLD$bCambridge Digital Library
=CAT  \\$aWR14_159$b00$c20141016$lBLL01$h1656
=CAT  \\$aWR14_181$c20150323$lBLL01$h1403
=CAT  \\$aW1606-1753$c20171028$lBLL01$h1604
=SRC  \\$aBLWrongdoing
=LAS  \\$aW1606-1753$b00$c20171028$lBLL01$h1604

