=LDR  02626 am a2200577 a 4500
=001  016895461
=003  Uk
=005  20140530172640.0
=006  m\\\\||\\d\|\\\\\\
=007  cr\|||||||||||
=008  140529q17531781sp\a\\\\o\\\\\000\0\spa\\
=FMT  \\$a  BK
=040  \\$aUkCU$beng$cUkCU$dUk
=245  00$aPrimera parte de los varios sucessos de Don Manuel de Contreras y Doña Teresa de Ribera, en que se declara como Don Manuel sacò à Doña Teresa de un convento de la ciudad de Salamanca, y partiendo á Cordova fue muerto en Sierra-Morena por un hermano de Doña Teresa.
=260  \\$aCon licencia en Madrid :$bEn la imprenta de Francisco Xavier Garcia, se hallarà en la Lonja de papel de Andrès de Sotos, mas abaxo de la Porterìa de San Martin,$c[between 1753 and 1781?]
=300  \\$a1 online resource
=336  \\$atext$2rdacontent
=337  \\$acomputer$2rdamedia
=338  \\$aonline resources$2rdacarrier
=500  \\$aText printed in two columns.
=500  \\$aTwo separate illustrations at head of title.
=500  \\$aIn verse.
=500  \\$aCaption title.
=500  \\$aImprint from colophon.
=500  \\$aIn two parts. Part two has title: "Segunda parte de Doña Teresa de Ribera, en que se declara lo que le sucediò y el fin de su vida."
=599  \\$aItem no. T8 in volume T.1958.$5Uk
=533  \\$aElectronic Reproduction$bLondon$cBritish Library$d2012$nItem no. T8 in volume T.1958.$5Uk
=600  00$aJesus Christ$xDevotion to.
=600  04$aJesucristo$xDevoción a.
=650  \4$aManuel de Contreras (Fictitious character)
=650  \4$aTeresa de Rivera (Fictitious character)
=650  \0$aMan-woman relationships.
=650  \4$aRelaciones hombre-mujer.
=650  \4$aDiablo.
=653  \1$aManuel de Contreras (Personaje ficticio)
=653  \1$aTeresa de Rivera (Personaje ficticio)
=655  \7$aChapbooks$zSpain.$2rbgenr
=662  \\$aSpain$dSalamanca$2lcsh-naf
=662  \\$aSpain$dCórdoba$2lcsh-naf
=662  \\$aSpain$gSierra Morena$2lcsh-naf
=700  1\$aGarcia, Francisco Xavier,$d1753-approximately 1781,$eprinter.$5Uk
=700  1\$aSotos, Andrés de,$dactive 1764-1792,$ebookseller.$5Uk
=740  02$aSegunda parte de Doña Teresa de Ribera.
=752  \\$aSpain$dMadrid.
=856  40$uhttp://cudl.lib.cam.ac.uk/view/PR-T-01958-00008$yCambridge Digital Library
=859  \\$aXLD$bCambridge Digital Library
=CAT  \\$aWR14_159$b00$c20141016$lBLL01$h1656
=CAT  \\$aWR14_181$c20150323$lBLL01$h1403
=CAT  \\$aW1606-1753$c20171028$lBLL01$h1604
=SRC  \\$aBLWrongdoing
=LAS  \\$aW1606-1753$b00$c20171028$lBLL01$h1604

