=LDR  02702 am a2200541 a 4500
=001  016895463
=003  Uk
=005  20140529143612.0
=006  m\\\\||\\d\|\\\\\\
=007  cr\|||||||||||
=008  140529q16731764sp\a\\\\o\\\\\000\0\spa\\
=FMT  \\$a  BK
=040  \\$aUkCU$beng$cUkCU$dUk
=245  00$aD. Manuel Sanchez de Rueda :$bNuevo y curioso romance en que se declara la vida y cautiverio deste mancebo natural de la ciudad de Valencia : dàse cuenta como por intercession de la Virgen Santissima del Rosario fuè libre : con lo demàs que verà el curioso lector en esta primera parte.
=246  30$aDon Manuel Sanchez de Rueda
=246  30$aNuevo y curioso romance en que se declara la vida y cautiverio deste mancebo natural de la ciudad de Valencia
=260  \\$aSe hallarà en Valencia :$bEn la imprenta de Agustin Laborda, vive en la Bolserìa ...,$c[between 1746 and 1774]
=300  \\$a1 online resource
=336  \\$atext$2rdacontent
=337  \\$acomputer$2rdamedia
=338  \\$aonline resources$2rdacarrier
=500  \\$aText printed in two columns.
=500  \\$aThree separate illustrations at head of title; second part with three separate illustrations at head of title.
=500  \\$aIn verse.
=500  \\$aCaption title.
=500  \\$aImprint from colophon.
=500  \\$aIn two parts. Part two has title: "De D. Manuel Sanchez de Rueda: declarase como renego y se caso en Argel, donde se mantuvo algunos años: dáse cuenta como por intercession de la Virgen Santissima del Rosario fue libre, con lo demàs que verà el curioso lector: segunda parte."
=599  \\$aItem no. T10 in volume T.1958.$5Uk
=533  \\$aElectronic Reproduction$bLondon$cBritish Library$d2012$nItem no. T10 in volume T.1958.$5Uk
=650  \0$aChristianity and other religions$xIslam.
=650  \0$aIslam$xRelations$xChristianity.
=650  \4$aCristianismo y otras religiones$xIslamismo.
=650  \4$aIslamismo$xRelaciones$xCristianismo.
=650  \4$aManuel Sánchez de Rueda (Fictitious character)
=653  \1$aManuel Sánchez de Rueda (Personaje ficticio)
=655  \7$aChapbooks$zSpain.$2rbgenr
=662  \\$aSpain$dValencia$2lcsh-naf
=662  \\$aSpain$dCádiz$2lcsh-naf
=662  \\$aAlgeria$2lcsh-naf
=740  02$aDe D. Manuel Sanchez de Rueda.
=752  \\$aSpain$dValencia.
=856  40$uhttp://cudl.lib.cam.ac.uk/view/PR-T-01958-00010$yCambridge Digital Library
=859  \\$aXLD$bCambridge Digital Library
=CAT  \\$aWR14_159$b00$c20141016$lBLL01$h1656
=CAT  \\$aWR14_181$c20150323$lBLL01$h1403
=CAT  \\$aW1606-1753$c20171028$lBLL01$h1604
=SRC  \\$aBLWrongdoing
=LAS  \\$aW1606-1753$b00$c20171028$lBLL01$h1604

