=LDR  02188 am a2200493 a 4500
=001  016895464
=003  Uk
=005  20140531100315.0
=006  m\\\\||\\d\|\\\\\\
=007  cr\|||||||||||
=008  140529s1761\\\\sp\a\\\\o\\\\\000\0\spa\\
=FMT  \\$a  BK
=040  \\$aUkCU$beng$cUkCU$dUk
=245  00$aRomance nuevo en que se dà cuenta y declara los amores de Don Carlos y Doña Elena, naturales de la ciudad de Malaga :$by lo demàs que verà el curioso lector : primera parte.
=260  \\$aCon licencia en Madrid :$bSe hallarà en la Lonja de papel de Andrès de Sotos, mas abaxo de la Porterìa de San Martin,$caño de 1761.
=300  \\$a1 online resource
=336  \\$atext$2rdacontent
=337  \\$acomputer$2rdamedia
=338  \\$aonline resources$2rdacarrier
=500  \\$aText printed in two columns.
=500  \\$aThree separate illustrations at head of title; second part with two additional illustrations at head of title.
=500  \\$aIn verse.
=500  \\$aCaption title.
=500  \\$aImprint from colophon.
=500  \\$aIn two parts. Part two has title: "Romance nuevo en que se finalizan los amores de Don Carlos y Doña Elena, naturales de la ciudad de Malaga: y lo demàs que verà el curioso lector : segunda parte.
=599  \\$aItem no. T11 in volume T.1958.$5Uk
=533  \\$aElectronic Reproduction$bLondon$cBritish Library$d2012$nItem no. T11 in volume T.1958.$5Uk
=650  \0$aCourtship.
=650  \4$aCortejo amoroso.
=650  \4$aCautivos.
=650  \4$aConventos.
=650  \4$aBodas.
=655  \7$aChapbooks$zSpain.$2rbgenr
=662  \\$aSpain$dMálaga$2lcsh-naf
=700  1\$aSotos, Andrés de,$dactive 1764-1792,$eprinter.$5Uk
=740  02$aRomance nuevo en que se finalizan los amores de Don Carlos y Doña Elena.
=752  \\$aSpain$dMadrid.
=856  40$uhttp://cudl.lib.cam.ac.uk/view/PR-T-01958-00011$yCambridge Digital Library
=859  \\$aXLD$bCambridge Digital Library
=CAT  \\$aWR14_159$b00$c20141016$lBLL01$h1656
=CAT  \\$aWR14_181$c20150323$lBLL01$h1403
=CAT  \\$aW1606-1753$c20171028$lBLL01$h1604
=SRC  \\$aBLWrongdoing
=LAS  \\$aW1606-1753$b00$c20171028$lBLL01$h1604

