=LDR  02499 am a2200553 a 4500
=001  016895466
=003  Uk
=005  20140530172634.0
=006  m\\\\||\\d\|\\\\\\
=007  cr\|||||||||||
=008  140529q17531781sp\a\\\\o\\\\\000\0\spa\\
=FMT  \\$a  BK
=040  \\$aUkCU$beng$cUkCU$dUk
=245  00$aPrimera parte en que se refiere de la forma que Don Antonio Moreno, estando cautivo, hizo christiana à una Mora llamada Celinda y à su padre :$by despues se vinieron à España : con otras particularidades que verà el curioso lector en este nuevo y discreto romance.
=260  \\$aCon licencia en Madrid :$bEn la imprenta de Francisco Xavier Garcia, calle de los Capellanes, se hallarà en la Lonja de papel de Andrès de Sotos, mas abaxo de la Porterìa de San Martin,$c[between 1753 and 1781?]
=300  \\$a1 online resource
=336  \\$atext$2rdacontent
=337  \\$acomputer$2rdamedia
=338  \\$aonline resources$2rdacarrier
=500  \\$aText printed in two columns.
=500  \\$aTwo separate illustrations at head of title; second part with additional illustration at head of title.
=500  \\$aIn verse.
=500  \\$aCaption title.
=500  \\$aImprint from colophon.
=500  \\$aIn two parts.
=599  \\$aItem no. T13 in volume T.1958.$5Uk
=533  \\$aElectronic Reproduction$bLondon$cBritish Library$d2012$nItem no. T13 in volume T.1958.$5Uk
=650  \0$aChristianity and other religions$xIslam.
=650  \0$aIslam$xRelations$xChristianity.
=650  \0$aConversion$xChristianity.
=650  \4$aCristianismo y otras religiones$xIslamismo.
=650  \4$aIslamismo$xRelaciones$xCristianismo.
=650  \4$aConversión religiosa$xCristianismo.
=650  \4$aAntonio Moreno (Fictitious character)
=650  \4$aCautivos.
=653  \1$aAntonio Moreno (Personaje ficticio)
=655  \7$aChapbooks$zSpain.$2rbgenr
=662  \\$aSpain$dToledo$2lcsh-naf
=662  \\$aAlgeria$2lcsh-naf
=700  1\$aGarcia, Francisco Xavier,$d1753-approximately 1781,$eprinter.$5Uk
=700  1\$aSotos, Andrés de,$dactive 1764-1792,$ebookseller.$5Uk
=752  \\$aSpain$dMadrid.
=856  40$uhttp://cudl.lib.cam.ac.uk/view/PR-T-01958-00013$yCambridge Digital Library
=859  \\$aXLD$bCambridge Digital Library
=CAT  \\$aWR14_159$b00$c20141016$lBLL01$h1656
=CAT  \\$aWR14_181$c20150323$lBLL01$h1403
=CAT  \\$aW1606-1753$c20171028$lBLL01$h1604
=SRC  \\$aBLWrongdoing
=LAS  \\$aW1606-1753$b00$c20171028$lBLL01$h1604

