=LDR  02398 am a2200553 a 4500
=001  016895467
=003  Uk
=005  20140530173026.0
=006  m\\\\||\\d\|\\\\\\
=007  cr\|||||||||||
=008  140529s1762\\\\sp\a\\\\o\\\\\000\0\spa\\
=FMT  \\$a  BK
=040  \\$aUkCU$beng$cUkCU$dUk
=245  00$aDe D. Ignacio de Fuentes y Doña Leonor de Lara :$bdase cuenta de los tragicos sucessos de estos dos amantes : primera parte.
=246  30$aDe Don Ignacio de Fuentes y Doña Leonor de Lara
=260  \\$aCon licencia en Madrid :$bEn la imprenta de Francisco Xavier Garcia, calle de los Capellanes, se hallarà en casa de Andrès de Sotos, Lonja de papel mas abaxo de la Portería de San Martin,$caño 1762.
=300  \\$a1 online resource
=336  \\$atext$2rdacontent
=337  \\$acomputer$2rdamedia
=338  \\$aonline resources$2rdacarrier
=500  \\$aText printed in two columns.
=500  \\$aIllustration incorporated within title; second part with additional illustration incorporated within title.
=500  \\$aIn verse.
=500  \\$aCaption title.
=500  \\$aIn two parts.
=599  \\$aItem no. T14 in volume T.1958.$5Uk
=533  \\$aElectronic Reproduction$bLondon$cBritish Library$d2012$nItem no. T14 in volume T.1958.$5Uk
=650  \0$aChristianity and other religions$xIslam.
=650  \0$aIslam$xRelations$xChristianity.
=650  \4$aIgnacio de Fuentes (Fictitious character)
=650  \4$aLeonor de Lara (Fictitious character)
=650  \4$aCristianismo y otras religiones$xIslamismo.
=650  \4$aIslamismo$xRelaciones$xCristianismo.
=650  \4$aBodas.
=653  \1$aIgnacio de Fuentes (Personaje ficticio)
=653  \1$aLeonor de Lara (Personaje ficticio)
=655  \7$aChapbooks$zSpain.$2rbgenr
=662  \\$aTurkey$dIstanbul$2lcsh-naf
=662  \\$aSpain$dCartagena$2lcsh-naf
=700  1\$aGarcia, Francisco Xavier,$d1753-approximately 1781,$eprinter.$5Uk
=700  1\$aSotos, Andrés de,$dactive 1764-1792,$ebookseller.$5Uk
=752  \\$aSpain$dMadrid.
=856  40$uhttp://cudl.lib.cam.ac.uk/view/PR-T-01958-00014$yCambridge Digital Library
=859  \\$aXLD$bCambridge Digital Library
=CAT  \\$aWR14_159$b00$c20141016$lBLL01$h1656
=CAT  \\$aWR14_181$c20150323$lBLL01$h1403
=CAT  \\$aW1606-1753$c20171028$lBLL01$h1604
=SRC  \\$aBLWrongdoing
=LAS  \\$aW1606-1753$b00$c20171028$lBLL01$h1604

