=LDR  02476 am a2200493 a 4500
=001  016895468
=003  Uk
=005  20140529151923.0
=006  m\\\\||\\d\|\\\\\\
=007  cr\|||||||||||
=008  140529q17461774sp\a\\\\o\\\\\000\0\spa\\
=FMT  \\$a  BK
=040  \\$aUkCU$beng$cUkCU$dUk
=245  00$aPrimera parte del verdadero y nuevo romance que dà cuenta de la forma que cautivaron à un cavallero natural de Llanes, lugar de la montañas de Oviedo :$by como por una noble mora se rescatò èl y otro cautivo y se vinieron ellos y otros diez y un renegado trayendose à la mora à tierra de christianos, donde de bautizò.
=260  \\$aSe hallarà en Valencia :$bEn la imprenta de Agustin Laborda, vive en la Bolserìa,$c[between 1746 and 1774]
=300  \\$a1 online resource
=336  \\$atext$2rdacontent
=337  \\$acomputer$2rdamedia
=338  \\$aonline resources$2rdacarrier
=500  \\$aText printed in two columns.
=500  \\$aThree separate illustrations at head of title; second part with three additional illustrations at head of title.
=500  \\$aIn verse.
=500  \\$aCaption title.
=500  \\$aImprint from colophon.
=500  \\$aIn two parts. Part two has title: "De Don Diego y Arlaja: segundo romance que refiere este verdadero sucesso y dà cuenta de lo que en el viage les passò y como sacaron al padre de la mora violentamente de su casa y lo traxeron a la embarcacion, donde despues que se vieron seguros, le dieron libertad a èl y a otros moros que traìan prisioneros."
=599  \\$aItem no. T15 in volume T.1958.$5Uk
=533  \\$aElectronic Reproduction$bLondon$cBritish Library$d2012$nItem no. T15 in volume T.1958.$5Uk
=650  \0$aChristianity and other religions$xIslam.
=650  \0$aIslam$xRelations$xChristianity.
=650  \4$aCristianismo y otras religiones$xIslamismo.
=650  \4$aIslamismo$xRelaciones$xCristianismo.
=650  \4$aCautivos.
=650  \4$aBodas.
=655  \7$aChapbooks$zSpain.$2rbgenr
=662  \\$aSpain$dOviedo$2lcsh-naf
=740  02$aDe Don Diego y Arlaja.
=752  \\$aSpain$dValencia.
=856  40$uhttp://cudl.lib.cam.ac.uk/view/PR-T-01958-00015$yCambridge Digital Library
=859  \\$aXLD$bCambridge Digital Library
=CAT  \\$aWR14_159$b00$c20141016$lBLL01$h1656
=CAT  \\$aWR14_181$c20150323$lBLL01$h1403
=CAT  \\$aW1606-1753$c20171028$lBLL01$h1604
=SRC  \\$aBLWrongdoing
=LAS  \\$aW1606-1753$b00$c20171028$lBLL01$h1604

