=LDR  02549 am a2200517 a 4500
=001  016895469
=003  Uk
=005  20140531100510.0
=006  m\\\\||\\d\|\\\\\\
=007  cr\|||||||||||
=008  140529q17531781sp\a\\\\o\\\\\000\0\spa\\
=FMT  \\$a  BK
=040  \\$aUkCU$beng$cUkCU$dUk
=245  00$aPrimera parte de los varios sucessos de D. Rodrigo Zarzàra :$bcuentase el galantèo con una dama y como fue cautivado de moros y despues se huyó con muchos christianos á España, juntamente con una cautiva, casada con un turco en Argèl.
=246  30$aPrimera parte de los varios sucessos de Don Rodrigo Zarzàra
=260  \\$aCon licencia en Madrid :$bSe hallarà en la Lonja de papel de Andrès de Sotos, mas abaxo de la Porterìa de San Martin,$c[between 1753 and 1781?]
=300  \\$a1 online resource
=336  \\$atext$2rdacontent
=337  \\$acomputer$2rdamedia
=338  \\$aonline resources$2rdacarrier
=500  \\$aText printed in two columns.
=500  \\$aThree separate iIllustrations at head of title; second part with three additional illustrations at head of title.
=500  \\$aIn verse.
=500  \\$aCaption title.
=500  \\$aIn two parts. Part two has title: "Segunda parte de Don Rodrigo Zarzara: refierese lo que sucediò à la cautiva que se vino con èl à España y como llegò à su patria à tiempo que llevaban à su padre al suplicio, y de la forma que ella le alcanzó el perdon."
=599  \\$aItem no. T16 in volume T.1958.$5Uk
=533  \\$aElectronic Reproduction$bLondon$cBritish Library$d2012$nItem no. T16 in volume T.1958.$5Uk
=650  \0$aChristianity and other religions$xIslam.
=650  \0$aIslam$xRelations$xChristianity.
=650  \4$aCristianismo y otras religiones$xIslamismo.
=650  \4$aIslamismo$xRelaciones$xCristianismo.
=650  \4$aRodrigo Zarzara (Fictitious character)
=650  \4$aCautivos.
=653  \1$aRodrigo Zarzara (Personaje ficticio)
=655  \7$aChapbooks$zSpain.$2rbgenr
=662  \\$aAlgeria$2lcsh-naf
=700  1\$aSotos, Andrés de,$dactive 1764-1792,$eprinter.$5Uk
=740  02$aSegunda parte de Don Rodrigo Zarzara.
=752  \\$aSpain$dMadrid.
=856  40$uhttp://cudl.lib.cam.ac.uk/view/PR-T-01958-00016$yCambridge Digital Library
=859  \\$aXLD$bCambridge Digital Library
=CAT  \\$aWR14_159$b00$c20141016$lBLL01$h1656
=CAT  \\$aWR14_181$c20150323$lBLL01$h1403
=CAT  \\$aW1606-1753$c20171028$lBLL01$h1604
=SRC  \\$aBLWrongdoing
=LAS  \\$aW1606-1753$b00$c20171028$lBLL01$h1604

