=LDR  02466 am a2200505 a 4500
=001  016895470
=003  Uk
=005  20140529160218.0
=006  m\\\\||\\d\|\\\\\\
=007  cr\|||||||||||
=008  140529q17461774sp\a\\\\o\\\\\000\0\spa\\
=FMT  \\$a  BK
=040  \\$aUkCU$beng$cUkCU$dUk
=245  00$aNuevo y curioso romance en que se dà cuenta y declara los hechos, arrestos, y valentìas de Don Juan de la Tierra, natural de la villa de Illescas :$bdàse cuenta de las reñidas pendencias que tuvo en defensa de su rey : Con todo lo demàs que verà el curioso lector : primera parte : De Don Juan de la Tierra.
=246  30$aDe Don Juan de la Tierra
=260  \\$aSe hallarà en Valencia :$bEn la imprenta de Agustin Laborda, vive en la Bolserìa ...,$c[between 1746 and 1774]
=300  \\$a1 online resource
=336  \\$atext$2rdacontent
=337  \\$acomputer$2rdamedia
=338  \\$aonline resources$2rdacarrier
=500  \\$aText printed in two columns.
=500  \\$aIllustration incorporated within title; second part with additional illustration incorporated within title.
=500  \\$aIn verse.
=500  \\$aCaption title.
=500  \\$aImprint from colophon.
=500  \\$aIn two parts. Part two has title: "Nuevo y curioso romance en que se dà cuenta y declara los hechos, arrestos, y valentìas de Don Juan de la Tierra, natural de la villa de Illescas y el dichoso fin que tuvieron sus amores : Con lo demàs que verà el curioso letor : segunda parte : De Don Juan de la Tierra.
=599  \\$aItem no. T17 in volume T.1958.$5Uk
=533  \\$aElectronic Reproduction$bLondon$cBritish Library$d2012$nItem no. T17 in volume T.1958.$5Uk
=650  \4$aJuan de la Tierra (Fictitious character)
=650  \4$aSoldados.
=650  \4$aComerciantes.
=653  \1$aJuan de la Tierra (Personaje ficticio)
=655  \7$aChapbooks$zSpain.$2rbgenr
=662  \\$aSpain$dIllescas$2lcsh-naf
=610  20$apalacio de carlos v
=662  \\$aItaly$dNaples$2lcsh-naf
=740  02$aTratase del dichoso fin que tuvieron sus amores.
=752  \\$aSpain$dValencia.
=856  40$uhttp://cudl.lib.cam.ac.uk/view/PR-T-01958-00017$yCambridge Digital Library
=859  \\$aXLD$bCambridge Digital Library
=CAT  \\$aWR14_159$b00$c20141016$lBLL01$h1656
=CAT  \\$aWR14_181$c20150323$lBLL01$h1403
=CAT  \\$aW1606-1753$c20171028$lBLL01$h1604
=SRC  \\$aBLWrongdoing
=LAS  \\$aW1606-1753$b00$c20171028$lBLL01$h1604

