=LDR  02724 am a2200493 a 4500
=001  016895471
=003  Uk
=005  20140530161107.0
=006  m\\\\||\\d\|\\\\\\
=007  cr\|||||||||||
=008  140529s1760\\\\sp\a\\\\o\\\\\000\0\spa\\
=FMT  \\$a  BK
=040  \\$aUkCU$beng$cUkCU$dUk
=245  00$aCurioso y nuevo romance en que se dà cuenta de los amores de un cavallero llamado Don Pedro de Guzman, natural de Cartagena :$by como se casò con Doña Francisca Cabañas, siendo gustosos los parientes de ambas partes : con todo lo demàs que verà el curioso letor : impresso en este presente año de 1760 : primera parte.
=260  \\$aSe hallarà en Valencia :$bEn la imprenta de Agustin Laborda, vive en la Bolserìa ...,$c[1760]
=300  \\$a1 online resource
=336  \\$atext$2rdacontent
=337  \\$acomputer$2rdamedia
=338  \\$aonline resources$2rdacarrier
=500  \\$aText printed in two columns.
=500  \\$aIllustration at head of title; second part with additional illustration at head of title.
=500  \\$aIn verse.
=500  \\$aCaption title.
=500  \\$aImprint from colophon.
=500  \\$aIn two parts. Part two has title: "Lastimoso romance que refiere como viendose el esclavo de Don Pedro de Guzman solo en casa, insistido del demonio quiso gozar à las criadas y porque no consintieron en su torpe apetito las matò : y se fue à donde su señora estava à executar lo mismo, la qual se encerrò en un aposento y viendo el negro que no le queria abrir, tomò los tres niños que se avian quedado fuera y se subiò con ellos à una torre, de donde los arrojò por una almena al suelo: con todo lo demàs que verà el curioso letor en esta segunda parte.
=599  \\$aItem no. T18 in volume T.1958.$5Uk
=533  \\$aElectronic Reproduction$bLondon$cBritish Library$d2012$nItem no. T18 in volume T.1958.$5Uk
=650  \0$aViolent crimes.
=650  \4$aDelitos violentos.
=650  \4$aFrancisco de Torres (Fictitious character)
=650  \4$aPedro de Guzmán (Fictitious character)
=653  \1$aFrancisco de Torres (Personaje ficti)
=653  \1$aPedro de Guzmán (Fictitious character)
=655  \7$aChapbooks$zSpain.$2rbgenr
=662  \\$aSpain$dCórdoba$2lcsh-naf
=700  1\$aLaborda, Agustín,$dactive 1746-1774,$eprinter.$5Uk
=752  \\$aSpain$dValencia.
=856  40$uhttp://cudl.lib.cam.ac.uk/view/PR-T-01958-00018$yCambridge Digital Library
=859  \\$aXLD$bCambridge Digital Library
=CAT  \\$aWR14_159$b00$c20141016$lBLL01$h1656
=CAT  \\$aWR14_181$c20150323$lBLL01$h1403
=CAT  \\$aW1606-1753$c20171028$lBLL01$h1604
=SRC  \\$aBLWrongdoing
=LAS  \\$aW1606-1753$b00$c20171028$lBLL01$h1604

