=LDR  02464 am a2200481 a 4500
=001  016895472
=003  Uk
=005  20140529170432.0
=006  m\\\\||\\d\|\\\\\\
=007  cr\|||||||||||
=008  140529s1757\\\\sp\a\\\\o\\\\\000\0\spa\\
=FMT  \\$a  BK
=040  \\$aUkCU$beng$cUkCU$dUk
=245  00$aVerdadera relacion y curioso romance en que se declaran los valerosos hechos de Don Joseph Lopez de Ahumada, capitan comandante, que lo fuè en la Plaza de Zeuta :$brefierense tambien los desafios que tuvo con los moros, saliendo siempre victorioso con el favor de Dios, y de Nuestra Señora de Africa, que llevaba por su medianera : con todo lo demàs que verà el curioso lector : primera parte.
=260  \\$aCon licencia en Valencia :$bEn la imprenta de Agustin Laborda y Campo,$caño 1757.
=300  \\$a1 online resource
=336  \\$atext$2rdacontent
=337  \\$acomputer$2rdamedia
=338  \\$aonline resources$2rdacarrier
=500  \\$aText printed in two columns.
=500  \\$aTwo separate illustrations at head of title; second part with two additional illustrations at head of title.
=500  \\$aIn verse.
=500  \\$aCaption title.
=500  \\$aIn two parts. Part two has title: "Segunda parte en que se prosiguen los valerosos hechos de D. Joseph Lopez de Ahumada, capitan comandante, que lo fuè en la Plaza de Zeuta : refierense los demàs sucessos de su vida y combates que tuvo hasta su muerte : con otras cosas que verà el curioso lector."
=599  \\$aItem no. T19 in volume T.1958.$5Uk
=533  \\$aElectronic Reproduction$bLondon$cBritish Library$d2012$nItem no. T19 in volume T.1958.$5Uk
=650  \0$aBrigands and robbers.
=650  \0$aCriminals.
=650  \4$aJosef Lopez de Ahumada (Fictitious charachter)
=650  \4$aBandoleros.
=650  \4$aDelincuentes.
=653  \1$aJosef Lopez de Ahumada (Personaje ficticio)
=655  \7$aChapbooks$zSpain.$2rbgenr
=662  \\$aSpain$dCeuta$2lcsh-naf
=740  02$aSegunda parte en que se prosiguen los valerosos hechos de D. Joseph Lopez de Ahumada.
=752  \\$aSpain$dValencia.
=856  40$uhttp://cudl.lib.cam.ac.uk/view/PR-T-01958-00019$yCambridge Digital Library
=859  \\$aXLD$bCambridge Digital Library
=CAT  \\$aWR14_159$b00$c20141016$lBLL01$h1656
=CAT  \\$aWR14_181$c20150323$lBLL01$h1403
=CAT  \\$aW1606-1753$c20171028$lBLL01$h1604
=SRC  \\$aBLWrongdoing
=LAS  \\$aW1606-1753$b00$c20171028$lBLL01$h1604

