=LDR  02354 am a2200505 a 4500
=001  016895473
=003  Uk
=005  20140529171654.0
=006  m\\\\||\\d\|\\\\\\
=007  cr\|||||||||||
=008  140529q17461774sp\a\\\\o\\\\\000\0\spa\d
=FMT  \\$a  BK
=040  \\$aUkCU$beng$cUkCU$dUk
=245  00$aDon Diego del Castillo :$bdàse cuenta de los amorosos lances y reñidas pendencias que tuvo este principal cavallero, en defensa de una dama : con todo lo demàs que verà el curioso letor : primera parte.
=260  \\$aSe hallarà en Valencia :$bEn la imprenta de Agustin Laborda, vive en la Bolserìa,$c[between 1746 and 1774]
=300  \\$a1 online resource
=336  \\$atext$2rdacontent
=337  \\$acomputer$2rdamedia
=338  \\$aonline resources$2rdacarrier
=500  \\$aText printed in two columns.
=500  \\$aIn verse.
=500  \\$aTwo separate illustrations at head of title; second part with additional illustration at head of title.
=500  \\$aCaption title.
=500  \\$aImprint from colophon.
=500  \\$aIn two parts. Part two has title: "Segunda parte: Nuevo y curioso romance en que se dà fin à los amores de Don Diego del Castillo: tambien se refiere la reñida pendencia que tuvieron, de la qual salieron cinco heridos y entre ellos el padre de la señora, con todo lo demàs que verà el curioso lector."
=599  \\$aItem no. T21 in volume T.1958.$5Uk
=533  \\$aElectronic Reproduction$bLondon$cBritish Library$d2012$nItem no. T21 in volume T.1958.$5Uk
=650  \0$aFathers and daughters.
=650  \4$aPadres e hijas.
=650  \0$aElopement.
=650  \4$aDiego del Castillo (Fictitious character)
=650  \4$aBodas.
=653  \0$aFuga.
=653  \1$aDiego del Castillo (Personaje ficticio)
=655  \7$aChapbooks$zSpain.$2rbgenr
=662  \\$aSpain$dToledo$2lcsh-naf
=740  02$aNuevo y curioso romance en que se dà fin à los amores de Don Diego del Castillo.
=752  \\$aSpain$dValencia.
=856  40$uhttp://cudl.lib.cam.ac.uk/view/PR-T-01958-00021$yCambridge Digital Library
=859  \\$aXLD$bCambridge Digital Library
=CAT  \\$aWR14_159$b00$c20141016$lBLL01$h1656
=CAT  \\$aWR14_181$c20150323$lBLL01$h1403
=CAT  \\$aW1606-1753$c20171028$lBLL01$h1604
=SRC  \\$aBLWrongdoing
=LAS  \\$aW1606-1753$b00$c20171028$lBLL01$h1604

