=LDR  03028 am a2200565 a 4500
=001  016895474
=003  Uk
=005  20140530173036.0
=006  m\\\\||\\d\|\\\\\\
=007  cr\|||||||||||
=008  140529s1759\\\\sp\a\\\\o\\\\\000\0\spa\d
=FMT  \\$a  BK
=040  \\$aUkCU$beng$cUkCU$dUk
=245  00$aNueva relacion en dos famosos romances, en que se refiere como un noble cavallero andaluz, llamado Don Antonio Benavides de la Zerda, se enamorò de una señora llamada Doña Maria Teresa de Faro Torres y Leon, natural de Palermo :$bpor la qual tuvo una muy reñida pendencia, y haviendose embarcado para venir à España, fueron cautivos : con lo demàs que verà el curioso lector : primera parte.
=260  \\$aCon licencia en Madrid :$bEn la imprenta de Francisco Xavier Garcia, calle de los Capellanes, se hallarà en la Lonja de papel de Andrès de Sotos, mas abaxo de la Porterìa de San Martin,$caño 1759.
=300  \\$a1 online resource
=336  \\$atext$2rdacontent
=337  \\$acomputer$2rdamedia
=338  \\$aonline resources$2rdacarrier
=500  \\$aText printed in two columns.
=500  \\$aIn verse.
=500  \\$aIllustration at head of title; second part with additional illustration at head of title.
=500  \\$aCaption title.
=500  \\$aImprint from colophon.
=500  \\$aIn two parts. Part two has title: "Nueva relacion y curioso romance donde se refiere lo que passaron en su cautiverio Don Antonio y Doña Maria Teresa, y como bolvieron con felicidad à España, en donde se casaron, con lo demàs que verà el curioso lector : segunda parte."
=599  \\$aItem no. T22 in volume T.1958.$5Uk
=533  \\$aElectronic Reproduction$bLondon$cBritish Library$d2012$nItem no. T22 in volume T.1958.$5Uk
=650  \0$aMan-woman relationships.
=650  \4$aAntonio Benavides de Lacerda (Fictitious charachter)
=650  \4$aMaria Teresa de Faro Leon y Torres (Fictitious charachter)
=650  \4$aRelaciones hombre-mujer.
=650  \4$aCautivos.
=653  \1$aAntonio Benavides de Lacerda (Personaje ficticio)
=653  \1$aMaria Teresa de Faro Leon y Torres (Personaje ficticio)
=655  \7$aChapbooks$zSpain.$2rbgenr
=662  \\$aSpain$dAntequera$2lcsh-naf
=662  \\$aItaly$dPalermo$2lcsh-naf
=662  \\$aAlgeria$2lcsh-naf
=662  \\$aTunisia$2lcsh-naf
=700  1\$aGarcia, Francisco Xavier,$d1753-approximately 1781,$eprinter.$5Uk
=700  1\$aSotos, Andrés de,$dactive 1764-1792,$ebookseller.$5Uk
=740  02$aNueva relacion y curioso romance donde se refiere lo que passaron en su cautiverio Don Antonio y Doña Maria Teresa.
=752  \\$aSpain$dMadrid.
=856  40$uhttp://cudl.lib.cam.ac.uk/view/PR-T-01958-00022$yCambridge Digital Library
=859  \\$aXLD$bCambridge Digital Library
=CAT  \\$aWR14_159$b00$c20141016$lBLL01$h1656
=CAT  \\$aWR14_181$c20150323$lBLL01$h1403
=CAT  \\$aW1606-1753$c20171028$lBLL01$h1604
=SRC  \\$aBLWrongdoing
=LAS  \\$aW1606-1753$b00$c20171028$lBLL01$h1604

