=LDR  02479 am a2200517 a 4500
=001  016895475
=003  Uk
=005  20140530172741.0
=006  m\\\\||\\d\|\\\\\\
=007  cr\|||||||||||
=008  140530q17531781sp\a\\\\o\\\\\000\0\spa\\
=FMT  \\$a  BK
=040  \\$aUkCU$beng$cUkCU$dUk
=245  00$aNueva relacion y curioso romance en que se trata de las aventuras novelosas de dos cavalleros italianos, llamado el uno Don Enrique y el otro Don Estefano, los quales eran primos hermanos :$bdeclarase como corrieron los mas de nuestra España y el caso mas particular que les sucediò en ella, como lo verà el curioso lector en esta primera parte.
=260  \\$aCon licencia en Madrid :$bEn la imprenta de Francisco Xavier Garcia, se hallarà en casa de Andrès de Sotos, mas abaxo de la Porterìa de San Martin,$c[between 1753 and 1781?]
=300  \\$a1 online resource
=336  \\$atext$2rdacontent
=337  \\$acomputer$2rdamedia
=338  \\$aonline resources$2rdacarrier
=500  \\$aText printed in two columns.
=500  \\$aIllustration at head of title; second part with additional illustration at head of title.
=500  \\$aIn verse.
=500  \\$aCaption title.
=500  \\$aImprint from colophon.
=500  \\$aIn two parts. Part two has title: "Curioso romance en que se declara el dichoso fin que tuvieron las aventuras de los dos nobles cavalleros Don Enrique y Don Estefano, con las circunstancias que verà el curioso lector: segunda parte."
=599  \\$aItem no. T23 in volume T.1958.$5Uk
=533  \\$aElectronic Reproduction$bLondon$cBritish Library$d2012$nItem no. T23 in volume T.1958.$5Uk
=650  \0$aCourtship.
=650  \0$aUnmarried mothers.
=650  \4$aCortejo amoroso.
=650  \4$aMadres solteras.
=650  \4$aPrincesses.
=650  \4$aBodas.
=655  \7$aChapbooks$zSpain.$2rbgenr
=662  \\$aItaly$2lcsh-naf
=662  \\$aSpain$dSeville$2lcsh-naf
=700  1\$aGarcia, Francisco Xavier,$d1753-approximately 1781,$eprinter.$5Uk
=700  1\$aSotos, Andrés de,$dactive 1764-1792,$ebookseller.$5Uk
=752  \\$aSpain$dMadrid.
=856  40$uhttp://cudl.lib.cam.ac.uk/view/PR-T-01958-00023$yCambridge Digital Library
=859  \\$aXLD$bCambridge Digital Library
=CAT  \\$aWR14_159$b00$c20141016$lBLL01$h1656
=CAT  \\$aWR14_181$c20150323$lBLL01$h1403
=CAT  \\$aW1606-1753$c20171028$lBLL01$h1604
=SRC  \\$aBLWrongdoing
=LAS  \\$aW1606-1753$b00$c20171028$lBLL01$h1604

