=LDR  02438 am a2200445 a 4500
=001  016895476
=003  Uk
=005  20140530101239.0
=006  m\\\\||\\d\|\\\\\\
=007  cr\|||||||||||
=008  140530s1758\\\\sp\a\\\\o\\\\\000\0\spa\\
=FMT  \\$a  BK
=040  \\$aUkCU$beng$cUkCU$dUk
=245  00$aNuevo romance en que se refiere los prodigiosos amores de dos primos amantes que fueron criados juntos en la ciudad de Avila :$by como el padre de la dama, ignorante de estos amores, dispuso se casasse con otro, y el modo que tuvo para reducirla el primo, por cuya causa, el dia que se avia de desposar, se ausentò su primo por no verla en otro poder : con otras cosas que mas claramente verà el curioso : compuesto è impresso en este presente año : primera parte.
=260  \\$aCon licencia en Valencia :$bEn la imprenta de Agustin Laborda, vive en la Bolserìa, delante de la calle de las Monjas de la Puridad,$caño 1758.
=300  \\$a1 online resource
=336  \\$atext$2rdacontent
=337  \\$acomputer$2rdamedia
=338  \\$aonline resources$2rdacarrier
=500  \\$aText printed in two columns.
=500  \\$aTwo separate illustrations incorporated within title; second part with two additional illustrations incorporated within title.
=500  \\$aIn verse.
=500  \\$aCaption title.
=500  \\$aImprint from colophon.
=500  \\$aIn two parts. Part two has title: "Prosigue la comenzada historia de los primos amantes, en la qual se refiere como la noble Doña Isabèl, la noche que se avia de desposar, por medio de los embozados se saliò como si fuera uno de ellos y fue en busca de su primo, con todo lo demàs que verà el curioso letor: segunda parte."
=599  \\$aItem no. T24 in volume T.1958.$5Uk
=533  \\$aElectronic Reproduction$bLondon$cBritish Library$d2012$nItem no. T24 in volume T.1958.$5Uk
=650  \0$aCourtship.
=650  \4$aCortejo amoroso.
=655  \7$aChapbooks$zSpain.$2rbgenr
=662  \\$aSpain$dAvila$2lcsh-naf
=662  \\$aSpain$dSeville$2lcsh-naf
=752  \\$aSpain$dValencia.
=856  40$uhttp://cudl.lib.cam.ac.uk/view/PR-T-01958-00024$yCambridge Digital Library
=859  \\$aXLD$bCambridge Digital Library
=CAT  \\$aWR14_159$b00$c20141016$lBLL01$h1656
=CAT  \\$aWR14_181$c20150323$lBLL01$h1403
=CAT  \\$aW1606-1753$c20171028$lBLL01$h1604
=SRC  \\$aBLWrongdoing
=LAS  \\$aW1606-1753$b00$c20171028$lBLL01$h1604

