=LDR  01940 am a2200469 a 4500
=001  016895477
=003  Uk
=005  20140530101732.0
=006  m\\\\||\\d\|\\\\\\
=007  cr\|||||||||||
=008  140530q17461774sp\a\\\\o\\\\\000\0\spa\\
=FMT  \\$a  BK
=040  \\$aUkCU$beng$cUkCU$dUk
=100  1\$aFey, Antonio de la.
=245  10$aTres romances en la memorable y triunfante victoria que tuvieron las armas de la Catolica Liga, comandadas por el Señor Don Juan de Austria contra la Armada Turquesca en el Golfo de Lepanto :$bá siete de octubre del año mil quinientos setenta y uno /$ccompuesto por Don Antonio de la Fey &c.
=260  \\$aSe hallarà en Valencia :$bEn la imprenta de Agustin Laborda, vive en la Bolserìa ...,$c[between 1746 and 1774]
=300  \\$a1 online resource
=336  \\$atext$2rdacontent
=337  \\$acomputer$2rdamedia
=338  \\$aonline resources$2rdacarrier
=500  \\$aText printed in two columns.
=500  \\$aIllustration below title.
=500  \\$aIn verse.
=500  \\$aCaption title.
=500  \\$aImprint from colophon.
=599  \\$aItem no. T25 in volume T.1958.$5Uk
=533  \\$aElectronic Reproduction$bLondon$cBritish Library$d2012$nItem no. T25 in volume T.1958.$5Uk
=600  00$aJohn,$cof Austria,$d1547-1578.
=650  \0$aLepanto, Battle of, Greece, 1571.
=650  \4$aLepanto, Batalla de, Grecia, 1571
=653  \1$aJuan, de Austria, 1547-1578.
=655  \7$aChapbooks$zSpain.$2rbgenr
=662  \\$aItaly$dSicily$2lcsh-naf
=662  \\$aTurkey$2lcsh-naf
=752  \\$aSpain$dValencia.
=856  40$uhttp://cudl.lib.cam.ac.uk/view/PR-T-01958-00025$yCambridge Digital Library
=859  \\$aXLD$bCambridge Digital Library
=CAT  \\$aWR14_159$b00$c20141016$lBLL01$h1656
=CAT  \\$aWR14_181$c20150323$lBLL01$h1403
=CAT  \\$aW1606-1753$c20171028$lBLL01$h1604
=SRC  \\$aBLWrongdoing
=LAS  \\$aW1606-1753$b00$c20171028$lBLL01$h1604

