=LDR  02850 am a2200529 a 4500
=001  016895478
=003  Uk
=005  20140530103022.0
=006  m\\\\||\\d\|\\\\\\
=007  cr\|||||||||||
=008  140530q17461774sp\a\\\\o\\\\\000\0\spa\\
=FMT  \\$a  BK
=040  \\$aUkCU$beng$cUkCU$dUk
=245  00$aFamoso romance nuevamente impresso en donde se refieren los hechos y valentias de Marcos Vicente, natural de la ciudad de Valencia :$bdase cuenta de su cautiverio, y como renegó y se casò con la turca del amo que lo cautivó : como fuè veinte años pirata y como vino al Grao de Valencia y cautivò noche de San Juan dos hijas suyas sin saber à quien cautivava y las llevò en su galera à Constantinopla : y como al cabo de tres meses se descubriò que eran sus hijas y se bolviò à la Santa Fè Catolica : y previniendo su galera, bien proveìda de cautivos christianos, con su muger y sus hijas se vino à España, diciendo que salia para Argèl : refierese como en el camino diò muerte a su muger y llegando con felicidad a la ciudad de Valencia, se echò à los pies de los Señores del Santo Tribunal y fuè perdonado : con lo demàs que verà el curioso : sucediò en este presente año.
=260  \\$aSe hallarà en Valencia :$bEn la imprenta de Agustin Laborda, vive en la Bolserìa, delante de la calle de las Monjas de la Puridad ...,$c[between 1746 and 1774]
=300  \\$a1 online resource
=336  \\$atext$2rdacontent
=337  \\$acomputer$2rdamedia
=338  \\$aonline resources$2rdacarrier
=500  \\$aText printed in two columns.
=500  \\$aIllustration at head of title.
=500  \\$aIn verse.
=500  \\$aCaption title.
=500  \\$aImprint from colophon.
=599  \\$aItem no. T26 in volume T.1958.$5Uk
=533  \\$aElectronic Reproduction$bLondon$cBritish Library$d2012$nItem no. T26 in volume T.1958.$5Uk
=650  \4$aMarcos Vicente (Fictitious character)
=650  \0$aChristianity and other religions$xIslam.
=650  \0$aIslam$xRelations$xChristianity.
=650  \0$aMurder.
=650  \4$aCristianismo y otras religiones$xIslamismo.
=650  \4$aIslamismo$xRelaciones$xCristianismo.
=650  \4$aAsesinato.
=650  \4$aPiratas.
=653  \1$aMarcos Vicente (Personaje ficticio)
=655  \7$aChapbooks$zSpain.$2rbgenr
=662  \\$aAlgeria$dAlgiers$2lcsh-naf
=662  \\$aSpain$dValencia$2lcsh-naf
=662  \\$aTurkey$dIstanbul$2lcsh-naf
=752  \\$aSpain$dValencia.
=856  40$uhttp://cudl.lib.cam.ac.uk/view/PR-T-01958-00026$yCambridge Digital Library
=859  \\$aXLD$bCambridge Digital Library
=CAT  \\$aWR14_159$b00$c20141016$lBLL01$h1656
=CAT  \\$aWR14_181$c20150323$lBLL01$h1403
=CAT  \\$aW1606-1753$c20171028$lBLL01$h1604
=SRC  \\$aBLWrongdoing
=LAS  \\$aW1606-1753$b00$c20171028$lBLL01$h1604

