=LDR  01905 am a2200457 a 4500
=001  016895480
=003  Uk
=005  20140530104520.0
=006  m\\\\||\\d\|\\\\\\
=007  cr\|||||||||||
=008  140530q17461774sp\a\\\\o\\\\\000\0\spa\\
=FMT  \\$a  BK
=040  \\$aUkCU$beng$cUkCU$dUk
=245  00$aNuevo y curioso romance en que se refiere por extenso la recuperacion de la muy noble y muy leal ciudad de Sevilla, con las circunstancias que verá el curioso lector :$bLa toma de Sevilla por el santo rey Don Fernando.
=246  30$aToma de Sevilla por el santo rey Don Fernando
=260  \\$aSe hallarà en Valencia :$bEn la imprenta de Agustin Laborda y Campo,$c[between 1746 and 1774]
=300  \\$a1 online resource
=336  \\$atext$2rdacontent
=337  \\$acomputer$2rdamedia
=338  \\$aonline resources$2rdacarrier
=500  \\$aText printed in two columns.
=500  \\$aIllustration at head of title.
=500  \\$aIn verse.
=500  \\$aCaption title.
=500  \\$aImprint from colophon.
=599  \\$aItem no. T29 in volume T.1958.$5Uk
=533  \\$aElectronic Reproduction$bLondon$cBritish Library$d2012$nItem no. T29 in volume T.1958.$5Uk
=600  00$aFernando$bIII,$cKing of Castile and Leon,$d1199?-1252.
=600  04$aFernando$bIII,$cRey de Castilla y León,$d1199?-1252.
=651  \0$aSeville (Spain)$xHistory$y13th century.
=651  \4$aSevilla (España)$xHistoria$ySiglo 13.
=655  \7$aChapbooks$zSpain.$2rbgenr
=662  \\$aSpain$dSeville$2lcsh-naf
=752  \\$aSpain$dValencia.
=856  40$uhttp://cudl.lib.cam.ac.uk/view/PR-T-01958-00029$yCambridge Digital Library
=859  \\$aXLD$bCambridge Digital Library
=CAT  \\$aWR14_159$b00$c20141016$lBLL01$h1656
=CAT  \\$aWR14_181$c20150323$lBLL01$h1403
=CAT  \\$aW1606-1753$c20171028$lBLL01$h1604
=SRC  \\$aBLWrongdoing
=LAS  \\$aW1606-1753$b00$c20171028$lBLL01$h1604

