=LDR  03459 am a2200685 a 4500
=001  016895482
=003  Uk
=005  20140530173104.0
=006  m\\\\||\\d\|\\\\\\
=007  cr\|||||||||||
=008  140530s1759\\\\sp\a\\\\o\\\\\000\0\spa\d
=FMT  \\$a  BK
=040  \\$aUkCU$beng$cUkCU$dUk
=245  03$aEl cautivo de Leon :$bNueva relacion y curioso romance en que se dà cuenta y declara un maravilloso milagro que obrò Maria Santissima del Carmen con dos devotos suyos, naturales de la ciudad de Leon, que haviendolos cautivado fueron libres por la intercession de esta Divina Señora : con lo demàs que verà el curioso : sucediò en este año passado : primera part.
=246  30$aNueva relacion y curioso romance en que se dà cuenta y declara un maravilloso milagro que obrò Maria Santissima del Carmen con dos devotos suyos
=260  \\$aCon licencia en Madrid :$bEn la imprenta de Francisco Xavier García, calle de los Capellanes, se hallarà en la Lonja de papel de Andrès de Sotos, mas abaxo de la Porterìa de San Martin,$caño 1759.
=300  \\$a1 online resource
=336  \\$atext$2rdacontent
=337  \\$acomputer$2rdamedia
=338  \\$aonline resources$2rdacarrier
=500  \\$aText printed in two columns.
=500  \\$aIn verse.
=500  \\$aThree separate illustrations at head of title; second part with two additional illustrations at head of title.
=500  \\$aCaption title.
=500  \\$aImprint from colophon.
=500  \\$aIn two parts. Part two has title: "El cautivo de Leon: nuevo y curioso romance en que prosiguen los maravillosos milagros que ha obrado Maria Santissima del Carmen con estos dos devotos suyos: segunda parte."
=599  \\$aItem no. T31 in volume T.1958.$5Uk
=533  \\$aElectronic Reproduction$bLondon$cBritish Library$d2012$nItem no. T31 in volume T.1958.$5Uk
=600  10$aEspiritu Santo, María del Carmen del$xMiracles.
=600  14$aEspiritu Santo, María del Carmen del$xMilagros.
=650  \0$aMurder.
=650  \0$aChristianity and other religions$xIslam.
=650  \0$aIslam$xRelations$xChristianity.
=650  \0$aConversion$xChristianity.
=650  \4$aAsesinato.
=650  \4$aCristianismo y otras religiones$xIslamismo.
=650  \4$aIslamismo$xRelaciones$xCristianismo.
=650  \4$aConversión religiosa$xCristianismo.
=650  \4$aMariana del Castillo (Fictitious character)
=650  \4$aAntonio Valentin (Fictitious character)
=650  \4$aEsclavos.
=653  \1$aMariana del Castillo (Personaje ficticio)
=653  \1$aAntonio Valentin (Personaje ficticio)
=655  \7$aChapbooks$zSpain.$2rbgenr
=662  \\$aSpain$dLeón$2lcsh-naf
=662  \\$aSpain$dAlicante$2lcsh-naf
=662  \\$aSpain$dCádiz$2lcsh-naf
=662  \\$aAlgeria$dAlgiers$2lcsh-naf
=662  \\$aAlgeria$dBalearic Islands$2lcsh-naf
=700  1\$aGarcia, Francisco Xavier,$d1753-approximately 1781,$eprinter.$5Uk
=700  1\$aSotos, Andrés de,$dactive 1764-1792,$ebookseller.$5Uk
=752  \\$aSpain$dMadrid.
=856  40$uhttp://cudl.lib.cam.ac.uk/view/PR-T-01958-00031$yCambridge Digital Library
=859  \\$aXLD$bCambridge Digital Library
=CAT  \\$aWR14_159$b00$c20141016$lBLL01$h1656
=CAT  \\$aBATCH-UPD$b00$c20141016$lBLL01$h1715
=CAT  \\$aWR14_181$c20150323$lBLL01$h1403
=CAT  \\$aW1606-1753$c20171028$lBLL01$h1604
=SRC  \\$aBLWrongdoing
=LAS  \\$aW1606-1753$b00$c20171028$lBLL01$h1604

