=LDR  02568 am a2200541 a 4500
=001  016895483
=003  Uk
=005  20140531100637.0
=006  m\\\\||\\d\|\\\\\\
=007  cr\|||||||||||
=008  140530s1762\\\\sp\a\\\\o\\\\\000\0\spa\\
=FMT  \\$a  BK
=040  \\$aUkCU$beng$cUkCU$dUk
=245  00$aNuevo y curioso romance de un portentoso milagro que ha obrado Maria Santissima del Carmen y el glorioso señor San Antonio de Padua con dos devotos suyos llamados Don Juan de Torres Cabrera y Doña Maria Teresa, sacandolos de captiverio :$bsucedió á 30. de abril de este presente año : primera parte.
=260  \\$aCon licencia en Madrid :$bSe hallarà en la Lonja de papel de Andrès de Sotos, mas abaxo de la Porterìa de San Martin,$caño de 1762.
=300  \\$a1 online resource
=336  \\$atext$2rdacontent
=337  \\$acomputer$2rdamedia
=338  \\$aonline resources$2rdacarrier
=500  \\$aText printed in two columns.
=500  \\$aIllustration at head of title.
=500  \\$aIn verse.
=500  \\$aCaption title.
=500  \\$aImprint from colophon.
=500  \\$aIn two parts. Part two has title: "Segunda parte donde finaliza la milagrosa y peregrina historia de Don Juan de Torres Cabrera y Doña Maria Teresa."
=599  \\$aItem no. T32 in volume T.1958.$5Uk
=533  \\$aElectronic Reproduction$bLondon$cBritish Library$d2012$nItem no. T32 in volume T.1958.$5Uk
=650  \0$aChristianity and other religions$xIslam.
=650  \0$aIslam$xRelations$xChristianity.
=650  \0$aConversion$xChristianity.
=650  \4$aCristianismo y otras religiones$xIslamismo.
=650  \4$aIslamismo$xRelaciones$xCristianismo.
=650  \4$aConversión religiosa$xCristianismo.
=650  \4$aJuan de Torres Cabrera (Fictitious character)
=653  \1$aJuan de Torres Cabrera (Personaje ficticio)
=655  \7$aChapbooks$zSpain.$2rbgenr
=662  \\$aSpain$dGranada$2lcsh-naf
=662  \\$aTurkey$dIstanbul$2lcsh-naf
=700  1\$aSotos, Andrés de,$dactive 1764-1792,$eprinter.$5Uk
=740  02$aSegunda parte donde finaliza la milagrosa y peregrina historia de Don Juan de Torres Cabrera y Doña Maria Teresa.
=752  \\$aSpain$dMadrid.
=856  40$uhttp://cudl.lib.cam.ac.uk/view/PR-T-01958-00032$yCambridge Digital Library
=859  \\$aXLD$bCambridge Digital Library
=CAT  \\$aWR14_159$b00$c20141016$lBLL01$h1656
=CAT  \\$aWR14_181$c20150323$lBLL01$h1403
=CAT  \\$aW1606-1753$c20171028$lBLL01$h1604
=SRC  \\$aBLWrongdoing
=LAS  \\$aW1606-1753$b00$c20171028$lBLL01$h1604

