=LDR  02900 am a2200529 a 4500
=001  016895484
=003  Uk
=005  20140531100554.0
=006  m\\\\||\\d\|\\\\\\
=007  cr\|||||||||||
=008  140530s1764\\\\sp\a\\\\o\\\\\000\0\spa\\
=FMT  \\$a  BK
=040  \\$aUkCU$beng$cUkCU$dUk
=245  00$aPrimera parte de los amorosos lances que acaecieron à una dama llamada Rosaura, y à su amante Don Antonio Narvaez, natural de la ciudad de Cordova :$bdàse cuenta del modo con que descubriò à la dama en Sierra-Morena por haver sacado de la corriente de un arroyo un guante de seda, bordado de oro, y como la señora le dixo la guardaba un monstruo, que se fuesse porque lo haria pedazos, y como el cavallero no quiso irse hasta que vino y lo mató y lo demàs que verà el curioso.
=246  30$aDe los amorosos lances que acaecieron á una dama llamada Rosaura, y á su amante Don Antonio Narvaez, natural de la ciudad de Córdova
=260  \\$aCon licencia en Madrid :$bEn la imprenta de Cruzada, se hallarà en la lonja de papel de Andrès de Sotos, mas abajo de la Porterìa de San Martin,$caño de 1764.
=300  \\$a1 online resource
=336  \\$atext$2rdacontent
=337  \\$acomputer$2rdamedia
=338  \\$aonline resources$2rdacarrier
=500  \\$aText printed in two columns.
=500  \\$aTwo separate illustrations at head of title; second part with additional illustration at head of title.
=500  \\$aIn verse.
=500  \\$aCaption title.
=500  \\$aIn two parts. Part two has title: "Segunda parte de los sucessos de Doña Rosaura y Don Antonio Narvàez : dàse cuenta como fingiò cierta carta para Madrid, y como se la trajo à Cordova, donde se desposaron, con todo lo demàs que verà el curioso lector."
=599  \\$aItem no. T33 in volume T.1958.$5Uk
=533  \\$aElectronic Reproduction$bLondon$cBritish Library$d2012$nItem no. T33 in volume T.1958.$5Uk
=650  \4$aRosaura (Fictitious character)
=650  \4$aAntonio Narváez (Fictitious character)
=650  \4$aOsos.
=653  \1$aRosaura (Personaje ficticio)
=653  \1$aAntonio Narváez (Personaje ficticio)
=653  \0$aDesacuerdo familiar.
=653  \0$aInfamia.
=662  \\$aSpain$gSierra Morena$2lcsh-naf
=662  \\$aSpain$dMadrid$2lcsh-naf
=662  \\$aSpain$dCórdoba$2lcsh-naf
=700  1\$aSotos, Andrés de,$dactive 1764-1792,$ebookseller.$5Uk
=740  02$aSegunda parte de los sucessos de Doña Rosaura y Don Antonio Narvàez.
=752  \\$aSpain$dMadrid.
=856  40$uhttp://cudl.lib.cam.ac.uk/view/PR-T-01958-00033$yCambridge Digital Library
=859  \\$aXLD$bCambridge Digital Library
=CAT  \\$aWR14_159$b00$c20141016$lBLL01$h1656
=CAT  \\$aWR14_181$c20150323$lBLL01$h1403
=CAT  \\$aW1606-1753$c20171028$lBLL01$h1604
=SRC  \\$aBLWrongdoing
=LAS  \\$aW1606-1753$b00$c20171028$lBLL01$h1604

