=LDR  03237 am a2200565 a 4500
=001  016895485
=003  Uk
=005  20140530172625.0
=006  m\\\\||\\d\|\\\\\\
=007  cr\|||||||||||
=008  140530q17531781sp\a\\\\o\\\\\000\0\spa\\
=FMT  \\$a  BK
=040  \\$aUkCU$beng$cUkCU$dUk
=245  00$aPrimera parte :$bRelacion curiosa de un dulce tratado de como una muger natural de Valladolid, siendo cautiva negò la ley de Dios nuestro Señor y casó con un rico moro, y como cautivaron à un clerigo hermano suyo, el qual sirviò à su hermana tres años de esclavo sin que se conociessen : y como Dios fue servido que al cabo de ellos se conocieran, por ciertas preguntas que le hizo la renegada : De la renegada de Valladolid.
=246  30$aRelacion curiosa de un dulce tratado en el que se declara como una muger natural de Valladolid, siendo cautiva negó la ley de Dios nuestro Señor y casó con un rico moro
=246  30$aDe la renegada de Valladolid
=260  \\$aCon licencia en Madrid :$bEn la imprenta de Francisco Xavier Garcia, se hallarà en la Lonja de papel de Andrès de Sotos, mas abaxo de la Porterìa de San Martin,$c[between 1753 and 1781?]
=300  \\$a1 online resource
=336  \\$atext$2rdacontent
=337  \\$acomputer$2rdamedia
=338  \\$aonline resources$2rdacarrier
=500  \\$aText printed in two columns.
=500  \\$aIn verse.
=500  \\$aThree separate illustrations incorporated within title; second part with three additional illustrations below title.
=500  \\$aCaption title.
=599  \\$aItem no. T34 in volume T.1958.$5Uk
=599  \\$aLibrary copy has pt. 2 bound before pt. 1.$5Uk
=533  \\$aElectronic Reproduction$bLondon$cBritish Library$d2012$nItem no. T34 in volume T.1958.$nLibrary copy has pt. 2 bound before pt. 1.$5Uk
=650  \0$aIn two parts. Part two has title: "La vida y penitencia que en el monte de Arsanio, junto à Roma, hizo una muger natural de Valladolid, la qual havia sido renegada en Argèl y como convirtiò à dos hijos suyos, sin conocer los hijos à la madre, y su buen fin: segunda parte."
=650  \0$aChristianity and other religions$xIslam.
=650  \0$aIslam$xRelations$xChristianity.
=650  \0$aRepentance$xChristianity.
=650  \4$aCristianismo y otras religiones$xIslamismo.
=650  \4$aIslamismo$xRelaciones$xCristianismo.
=650  \4$aArrepentimiento$xCristianismo.
=650  \4$aEsclavos.
=655  \7$aChapbooks$zSpain.$2rbgenr
=662  \\$aSpain$dValladolid$2lcsh-naf
=662  \\$aItaly$dRome$2lcsh-naf
=740  02$aVida y penitencia que en el monte de Arsanio, junto à Roma, hizo una muger natural de Valladolid.
=700  1\$aGarcia, Francisco Xavier,$d1753-approximately 1781,$eprinter.$5Uk
=700  1\$aSotos, Andrés de,$dactive 1764-1792,$ebookseller.$5Uk
=752  \\$aSpain$dMadrid.
=856  40$uhttp://cudl.lib.cam.ac.uk/view/PR-T-01958-00034$yCambridge Digital Library
=859  \\$aXLD$bCambridge Digital Library
=CAT  \\$aWR14_159$b00$c20141016$lBLL01$h1656
=CAT  \\$aWR14_181$c20150323$lBLL01$h1403
=CAT  \\$aW1606-1753$c20171028$lBLL01$h1604
=SRC  \\$aBLWrongdoing
=LAS  \\$aW1606-1753$b00$c20171028$lBLL01$h1604

