=LDR  02081 am a2200493 a 4500
=001  016895486
=003  Uk
=005  20141105133816.0
=006  m\\\\||\\d\|\\\\\\
=007  cr\|||||||||||
=008  140530q17461774sp\a\\\\o\\\\\000\0\spa\\
=FMT  \\$a  BK
=040  \\$aUkCU$beng$cUkCU$dUk
=245  00$aPrimera parte de los romances de Jacinto Rovira, natural de la villa de Ayelo, reyno de Valencia :$bdàse cuenta de sus valerosos hechos, muertes y resistencias : De Jacinto Rovira.
=246  30$aDe Jacinto Rovira
=260  \\$aSe hallarà en Valencia :$bEn la imprenta de Agustin Laborda, vive en la Bolserìa ...,$c[between 1746 and 1774]
=300  \\$a1 online resource
=336  \\$atext$2rdacontent
=337  \\$acomputer$2rdamedia
=338  \\$aonline resources$2rdacarrier
=500  \\$aText printed in two columns.
=500  \\$aIllustration incorporated withn title; second part with additional illustration incorporated within title.
=500  \\$aIn verse.
=500  \\$aCaption title.
=500  \\$aImprint from colophon.
=500  \\$aIn two parts. Part two has title: "Segunda parte de los romances de Jacinto Rovira: De Jacinto Rovira."
=599  \\$aItem no. T35 in volume T.1958.$5Uk
=533  \\$aElectronic Reproduction$bLondon$cBritish Library$d2012$nItem no. T35 in volume T.1958.$5Uk
=650  \0$aCriminals.
=650  \4$aDelincuentes.
=650  \4$aJacinto Rovira (Fictitious character)
=653  \1$aJacinto Rovira (Personaje ficticio)
=655  \7$aChapbooks$zSpain.$2rbgenr
=662  \\$aSpain$dAyelo de Malferit$2lcsh-naf
=662  \\$aSpain$dValencia$2lcsh-naf
=740  02$aSegunda parte de los romances de Jacinto Rovira.
=752  \\$aSpain$dValencia.
=856  40$uhttp://cudl.lib.cam.ac.uk/view/PR-T-01958-00035$yCambridge Digital Library
=859  \\$aXLD$bCambridge Digital Library
=CAT  \\$aWR14_159$b00$c20141016$lBLL01$h1656
=CAT  \\$a12240$b40$c20141105$lBLL01$h1338
=CAT  \\$aW1606-1753$c20171028$lBLL01$h1604
=SRC  \\$aBLWrongdoing
=LAS  \\$aW1606-1753$b00$c20171028$lBLL01$h1604

